{"gold_per_floor":[119,131,145,164,16,16,16,16,63,81,81,108,118,118,118,223,223,240,161,144,159,177,177,177],"floor_reached":24,"playtime":2273,"items_purged":["Defend_G"],"score":200,"play_id":"80856c05-6453-4bae-973d-b0fd62a1ee8b","local_time":"20200414133442","is_ascension_mode":false,"campfire_choices":[{"data":"Neutralize","floor":6.0,"key":"SMITH"},{"data":"Reflex","floor":8.0,"key":"SMITH"},{"floor":15,"key":"REST"},{"floor":23,"key":"REST"}],"neow_cost":"NONE","seed_source_timestamp":0,"circlet_count":0,"master_deck":["Strike_G","Strike_G","Strike_G","Strike_G","Defend_G","Defend_G","Defend_G","Defend_G","Survivor","Neutralize+1","Grand Finale","Reflex+1","Backflip","Quick Slash","Calculated Gamble","Noxious Fumes","Unload","CurseOfTheBell","Backflip","Deep Breath","Setup+1","Blur"],"special_seed":0,"relics":["Ring of the Snake","Membership Card","Anchor","Snake Skull","Oddly Smooth Stone","Calling Bell","PreservedInsect","Mercury Hourglass","StoneCalendar"],"potions_floor_usage":[22],"damage_taken":[{"damage":0.0,"enemies":"Small Slimes","floor":1.0,"turns":4.0},{"damage":0.0,"enemies":"Jaw Worm","floor":2.0,"turns":4.0},{"damage":0.0,"enemies":"2 Louse","floor":3.0,"turns":2.0},{"damage":26.0,"enemies":"Exordium Thugs","floor":4.0,"turns":8.0},{"damage":3.0,"enemies":"Lots of Slimes","floor":10.0,"turns":6.0},{"damage":24.0,"enemies":"Gremlin Nob","floor":12.0,"turns":5.0},{"damage":0,"enemies":"Large Slime","floor":13,"turns":5},{"damage":30,"enemies":"The Guardian","floor":16,"turns":13},{"damage":3,"enemies":"Chosen","floor":18,"turns":5},{"damage":5,"enemies":"2 Thieves","floor":20,"turns":4},{"damage":6,"enemies":"Snecko","floor":21,"turns":6},{"damage":28,"enemies":"Sentry and Sphere","floor":22,"turns":7},{"damage":32,"enemies":"Snake Plant","floor":24,"turns":7}],"seed_played":"4313910931753669790","potions_obtained":[{"floor":1.0,"key":"Dexterity Potion"},{"floor":4.0,"key":"Poison Potion"},{"floor":10.0,"key":"AttackPotion"},{"floor":16,"key":"LiquidMemories"},{"floor":20,"key":"GamblersBrew"}],"is_trial":false,"path_per_floor":["M","M","M","M","$","R","$","R","T","M","?","E","M","T","R","B",null,"M","$","M","M","M","R","M"],"character_chosen":"THE_SILENT","items_purchased":["Membership Card","Deep Breath"],"campfire_rested":2,"item_purchase_floors":[5,19],"current_hp_per_floor":[70,70,70,44,44,44,44,44,44,41,34,10,10,10,31,1,70,67,67,62,56,28,49,17],"gold":177,"neow_bonus":"ONE_RANDOM_RARE_CARD","is_prod":false,"is_daily":false,"chose_seed":false,"campfire_upgraded":2,"win_rate":0,"timestamp":1586900082,"path_taken":["M","M","M","M","$","R","$","R","T","M","?","E","M","?","R","BOSS","M","$","M","M","M","R","M"],"build_version":"2020-01-27","purchased_purges":1,"victory":false,"max_hp_per_floor":[70,70,70,70,70,70,70,70,70,70,70,70,70,70,70,70,70,70,70,70,70,70,70,70],"card_choices":[{"not_picked":["Bouncing Flask","Cloak And Dagger"],"picked":"Reflex","floor":1.0},{"not_picked":["All Out Attack","Masterful Stab"],"picked":"Backflip","floor":2.0},{"not_picked":["Bouncing Flask","Underhanded Strike"],"picked":"Quick Slash","floor":3.0},{"not_picked":["Distraction","Masterful Stab","Slice"],"picked":"SKIP","floor":4.0},{"not_picked":["Flying Knee","Underhanded Strike","Blade Dance"],"picked":"SKIP","floor":10.0},{"not_picked":["Dagger Spray","Noxious Fumes"],"picked":"Calculated Gamble","floor":12.0},{"not_picked":["Catalyst","Deadly Poison"],"picked":"Noxious Fumes","floor":13},{"not_picked":["After Image","Malaise"],"picked":"Unload","floor":16},{"not_picked":["Outmaneuver","Predator"],"picked":"Backflip","floor":18},{"not_picked":["Flying Knee","Choke"],"picked":"Setup+1","floor":20},{"not_picked":["Slice","Cloak And Dagger","Deadly Poison+1"],"picked":"SKIP","floor":21},{"not_picked":["Dagger Spray","Prepared"],"picked":"Blur","floor":22}],"player_experience":475599,"relics_obtained":[{"floor":9.0,"key":"Anchor"},{"floor":12.0,"key":"Snake Skull"},{"floor":14,"key":"Oddly Smooth Stone"},{"floor":17,"key":"PreservedInsect"},{"floor":17,"key":"Mercury Hourglass"},{"floor":17,"key":"StoneCalendar"}],"event_choices":[{"cards_removed":["Strike_G"],"damage_healed":0.0,"max_hp_gain":0.0,"max_hp_loss":0.0,"gold_gain":0.0,"event_name":"Golden Wing","player_choice":"Card Removal","floor":11.0,"gold_loss":0.0,"damage_taken":7.0}],"is_beta":false,"boss_relics":[{"not_picked":["Fusion Hammer","Ectoplasm"],"picked":"Calling Bell"}],"items_purged_floors":[19],"is_endless":false,"potions_floor_spawned":[1,4,10,16,20],"killed_by":"Snake Plant","ascension_level":0}