{"gold_per_floor":[109,34,45,60,60,60,86,86,111,127,146,164,164,177,177,272,272,212,86,98,108,39,39,49,68,93,93],"floor_reached":27,"playtime":2451,"items_purged":["Defend_G","Defend_G"],"score":217,"play_id":"d17ba6cb-c97f-49da-90c4-9abe2de454a7","local_time":"20200414230444","is_ascension_mode":false,"campfire_choices":[{"data":"Masterful Stab","floor":6.0,"key":"SMITH"},{"floor":8.0,"key":"REST"},{"floor":15.0,"key":"REST"},{"floor":23,"key":"REST"}],"neow_cost":"NONE","seed_source_timestamp":0,"circlet_count":0,"master_deck":["Strike_G","Strike_G","Strike_G","Strike_G","Defend_G","Defend_G","Defend_G","Survivor","Neutralize","Dodge and Roll","Footwork","Masterful Stab+1","Glass Knife","Crippling Poison","Doppelganger","Flying Knee","Skewer","Noxious Fumes","Blur"],"special_seed":0,"relics":["Ring of the Snake","Art of War","SlaversCollar","Happy Flower"],"potions_floor_usage":[27],"damage_taken":[{"damage":2.0,"enemies":"Jaw Worm","floor":1.0,"turns":6.0},{"damage":0.0,"enemies":"Cultist","floor":3.0,"turns":6.0},{"damage":0.0,"enemies":"2 Louse","floor":4.0,"turns":3.0},{"damage":62.0,"enemies":"3 Sentries","floor":7.0,"turns":22.0},{"damage":2.0,"enemies":"Looter","floor":10.0,"turns":4.0},{"damage":6.0,"enemies":"Large Slime","floor":11.0,"turns":6.0},{"damage":0.0,"enemies":"Red Slaver","floor":12.0,"turns":3.0},{"damage":0.0,"enemies":"Looter","floor":14.0,"turns":3.0},{"damage":31.0,"enemies":"Slime Boss","floor":16.0,"turns":15.0},{"damage":9,"enemies":"2 Thieves","floor":18,"turns":4},{"damage":0,"enemies":"Shell Parasite","floor":20,"turns":6},{"damage":71,"enemies":"Chosen and Byrds","floor":21,"turns":14},{"damage":22,"enemies":"Snake Plant","floor":24,"turns":6},{"damage":6,"enemies":"Centurion and Healer","floor":25,"turns":9},{"damage":14,"enemies":"3 Cultists","floor":27,"turns":5}],"seed_played":"-1181395728283109550","potions_obtained":[{"floor":3.0,"key":"SneckoOil"},{"floor":11.0,"key":"SteroidPotion"},{"floor":14.0,"key":"SteroidPotion"},{"floor":16.0,"key":"FairyPotion"},{"floor":21,"key":"FearPotion"},{"floor":24,"key":"LiquidBronze"}],"is_trial":false,"path_per_floor":["M","$","M","M","?","R","E","R","T","M","M","M","?","M","R","B",null,"M","$","M","M","$","R","M","M","T","M"],"character_chosen":"THE_SILENT","items_purchased":["Flying Knee","Skewer"],"campfire_rested":3,"item_purchase_floors":[19,22],"current_hp_per_floor":[68,68,68,68,68,68,6,27,27,25,19,19,19,19,40,9,70,61,61,61,21,21,42,20,14,14,0],"gold":93,"neow_bonus":"TRANSFORM_CARD","is_prod":false,"is_daily":false,"chose_seed":false,"campfire_upgraded":1,"win_rate":0,"timestamp":1586934284,"path_taken":["M","$","M","M","?","R","E","R","T","?","M","M","?","M","R","BOSS","M","$","M","M","$","R","M","M","T","M"],"build_version":"2020-01-27","purchased_purges":2,"victory":false,"max_hp_per_floor":[70,70,70,70,70,70,70,70,70,70,70,70,70,70,70,70,70,70,70,70,70,70,70,70,70,70,70],"card_choices":[{"not_picked":["Acrobatics","Leg Sweep"],"picked":"Footwork","floor":1.0},{"not_picked":["Poisoned Stab","Backflip","Deflect"],"picked":"SKIP","floor":3.0},{"not_picked":["Acrobatics","Slice","PiercingWail"],"picked":"SKIP","floor":4.0},{"not_picked":["Expertise","Flying Knee","Deflect"],"picked":"SKIP","floor":7.0},{"not_picked":["Bane","Finisher"],"picked":"Glass Knife","floor":10.0},{"not_picked":["Sucker Punch","Quick Slash","Cloak And Dagger"],"picked":"SKIP","floor":11.0},{"not_picked":["Cloak And Dagger","Dodge and Roll","Eviscerate"],"picked":"SKIP","floor":12.0},{"not_picked":["Caltrops","Calculated Gamble"],"picked":"Crippling Poison","floor":14.0},{"not_picked":["Venomology","Corpse Explosion"],"picked":"Doppelganger","floor":16.0},{"not_picked":["Poisoned Stab+1","Expertise","Catalyst"],"picked":"SKIP","floor":18},{"not_picked":["Backflip","Escape Plan","Deflect"],"picked":"SKIP","floor":20},{"not_picked":["Deflect+1","Underhanded Strike","Outmaneuver"],"picked":"SKIP","floor":21},{"not_picked":["Tools of the Trade","Dagger Spray+1"],"picked":"Noxious Fumes","floor":24},{"not_picked":["Masterful Stab","PiercingWail"],"picked":"Blur","floor":25}],"player_experience":477872,"relics_obtained":[{"floor":7.0,"key":"Art of War"},{"floor":26,"key":"Happy Flower"}],"event_choices":[{"damage_healed":0.0,"max_hp_gain":0.0,"max_hp_loss":0.0,"gold_gain":0.0,"event_name":"Match and Keep!","player_choice":"2 cards matched","floor":5.0,"gold_loss":0.0,"damage_taken":0.0,"cards_obtained":["Regret","Masterful Stab"]},{"cards_removed":["Regret"],"damage_healed":0.0,"max_hp_gain":0.0,"max_hp_loss":0.0,"gold_gain":0.0,"event_name":"Living Wall","player_choice":"Forget","floor":13.0,"gold_loss":0.0,"damage_taken":0.0}],"is_beta":false,"boss_relics":[{"not_picked":["Coffee Dripper","SacredBark"],"picked":"SlaversCollar"}],"items_purged_floors":[2,19],"is_endless":false,"potions_floor_spawned":[3,11,14,16,21,24],"killed_by":"3 Cultists","ascension_level":0}