{"gold_per_floor":[117,129,79,154,329,358,358,2,29,64,64,15,37,51,51,155,155,167,137,37,47,57,57,76,90,117,132,132,165,20,33,33,130,130,149,59,71,84,94,94,113,113,186,203,78,78,88,106,106,106],"floor_reached":50,"playtime":4323,"items_purged":["Doubt","Defend_G","Pain"],"score":551,"play_id":"d5d5a142-acf8-4e41-be74-2af726a36803","local_time":"20200429135827","is_ascension_mode":false,"campfire_choices":[{"data":"Neutralize","floor":7.0,"key":"SMITH"},{"data":"Sucker Punch","floor":11.0,"key":"SMITH"},{"floor":15.0,"key":"REST"},{"data":"Well Laid Plans","floor":23.0,"key":"SMITH"},{"data":"Finisher","floor":28.0,"key":"SMITH"},{"floor":32.0,"key":"REST"},{"floor":40.0,"key":"RECALL"},{"data":"Envenom","floor":42.0,"key":"SMITH"},{"floor":46.0,"key":"REST"},{"floor":49.0,"key":"REST"}],"neow_cost":"NONE","seed_source_timestamp":4760719831741949,"circlet_count":0,"master_deck":["Strike_G","Strike_G","Strike_G+1","Strike_G","Defend_G","Defend_G","Defend_G","Defend_G","Survivor","Neutralize+1","Caltrops","Well Laid Plans+1","Sucker Punch+1","Terror+1","Cloak And Dagger+1","Crippling Poison+1","Blade Dance+1","Burst+1","Backflip+1","Blade Dance+1","Finisher+1","Blade Dance+1","Cloak And Dagger+1","Acrobatics+1","Envenom+1","Backflip+1"],"special_seed":0,"relics":["Ring of the Snake","NeowsBlessing","Letter Opener","Toxic Egg 2","Orichalcum","Blue Candle","Odd Mushroom","Cursed Key","Nunchaku","Bottled Lightning","Medical Kit","SlaversCollar"],"potions_floor_usage":[],"damage_taken":[{"damage":0.0,"enemies":"Cultist","floor":1.0,"turns":1.0},{"damage":0.0,"enemies":"Small Slimes","floor":2.0,"turns":1.0},{"damage":0.0,"enemies":"Lagavulin","floor":6.0,"turns":1.0},{"damage":22.0,"enemies":"3 Sentries","floor":10.0,"turns":8.0},{"damage":14.0,"enemies":"The Mushroom Lair","floor":13.0,"turns":5.0},{"damage":0.0,"enemies":"2 Louse","floor":14.0,"turns":3.0},{"damage":43.0,"enemies":"Slime Boss","floor":16.0,"turns":13.0},{"damage":10.0,"enemies":"2 Thieves","floor":18.0,"turns":4.0},{"damage":1.0,"enemies":"Chosen","floor":21.0,"turns":3.0},{"damage":6.0,"enemies":"Centurion and Healer","floor":22.0,"turns":5.0},{"damage":3.0,"enemies":"Shelled Parasite and Fungi","floor":24.0,"turns":4.0},{"damage":2.0,"enemies":"Chosen and Byrds","floor":25.0,"turns":4.0},{"damage":10.0,"enemies":"Snake Plant","floor":27.0,"turns":3.0},{"damage":7.0,"enemies":"Book of Stabbing","floor":29.0,"turns":4.0},{"damage":0.0,"enemies":"Cultist and Chosen","floor":31.0,"turns":3.0},{"damage":41.0,"enemies":"Collector","floor":33.0,"turns":6.0},{"damage":2.0,"enemies":"3 Shapes","floor":35.0,"turns":2.0},{"damage":2.0,"enemies":"3 Darklings","floor":37.0,"turns":2.0},{"damage":0.0,"enemies":"Spire Growth","floor":38.0,"turns":2.0},{"damage":34.0,"enemies":"Sphere and 2 Shapes","floor":39.0,"turns":4.0},{"damage":0.0,"enemies":"3 Darklings","floor":41.0,"turns":3.0},{"damage":27.0,"enemies":"4 Shapes","floor":44.0,"turns":5.0},{"damage":9.0,"enemies":"Maw","floor":47.0,"turns":7.0},{"damage":2.0,"enemies":"3 Darklings","floor":48.0,"turns":2.0},{"damage":37,"enemies":"Awakened One","floor":50,"turns":6}],"seed_played":"1207819820105101011","potions_obtained":[{"floor":1.0,"key":"ColorlessPotion"},{"floor":6.0,"key":"Dexterity Potion"},{"floor":14.0,"key":"Weak Potion"},{"floor":18.0,"key":"LiquidBronze"},{"floor":19.0,"key":"EssenceOfSteel"},{"floor":19.0,"key":"GamblersBrew"},{"floor":24.0,"key":"BlessingOfTheForge"},{"floor":27.0,"key":"SneckoOil"},{"floor":29.0,"key":"DuplicationPotion"},{"floor":31.0,"key":"Weak Potion"},{"floor":37.0,"key":"SkillPotion"},{"floor":39.0,"key":"ColorlessPotion"},{"floor":41.0,"key":"BlessingOfTheForge"}],"is_trial":false,"path_per_floor":["M","M","?","?","?","E","R","$","T","E","R","$","?","M","R","B",null,"M","?","$","M","M","R","M","M","T","M","R","E","$","M","R","B",null,"M","?","M","M","M","R","M","R","T","M","$","R","M","M","R","B"],"character_chosen":"THE_SILENT","items_purchased":["Toxic Egg 2","Terror+1","Block Potion","Medical Kit"],"campfire_rested":4,"item_purchase_floors":[8,8,12,30],"current_hp_per_floor":[70,70,70,59,59,59,59,59,59,37,37,37,23,23,44,1,70,60,60,60,59,53,53,50,48,48,38,38,31,31,31,52,11,70,68,68,66,66,32,32,32,32,32,5,5,26,17,15,36,0],"gold":106,"neow_bonus":"THREE_ENEMY_KILL","is_prod":false,"is_daily":false,"chose_seed":false,"campfire_upgraded":5,"win_rate":0,"timestamp":1588197507,"path_taken":["M","?","?","?","?","E","R","$","T","E","R","?","?","?","R","BOSS","M","?","$","M","M","R","M","M","T","M","R","E","$","M","R","BOSS","M","?","M","?","M","R","M","R","T","M","$","R","M","M","R","BOSS"],"build_version":"2020-01-27","purchased_purges":3,"victory":false,"max_hp_per_floor":[70,70,70,70,70,70,70,70,70,70,70,70,70,70,70,70,70,70,70,70,70,70,70,70,70,70,70,70,70,70,70,70,70,70,70,70,70,70,70,70,70,70,70,70,70,70,70,70,70,70],"card_choices":[{"not_picked":["Bouncing Flask","Dodge and Roll"],"picked":"Caltrops","floor":1.0},{"not_picked":["Poisoned Stab","Blade Dance"],"picked":"Well Laid Plans","floor":2.0},{"not_picked":["All Out Attack","Tactician"],"picked":"Sucker Punch","floor":6.0},{"not_picked":["Deflect+1","Underhanded Strike"],"picked":"Cloak And Dagger+1","floor":10.0},{"not_picked":["Setup+1","Backflip+1"],"picked":"Crippling Poison+1","floor":13.0},{"not_picked":["Cloak And Dagger+1","Well Laid Plans"],"picked":"Blade Dance+1","floor":14.0},{"not_picked":["Glass Knife","Bullet Time+1"],"picked":"Burst+1","floor":16.0},{"not_picked":["Dagger Throw","Footwork"],"picked":"Backflip+1","floor":18.0},{"not_picked":["Backflip+1","Slice"],"picked":"Blade Dance+1","floor":21.0},{"not_picked":["Bouncing Flask+1","Crippling Poison+1"],"picked":"Finisher","floor":22.0},{"not_picked":["Envenom","Deflect+1"],"picked":"Blade Dance+1","floor":24.0},{"not_picked":["Outmaneuver+1","Skewer"],"picked":"Cloak And Dagger+1","floor":25.0},{"not_picked":["Dagger Spray+1","Bane+1"],"picked":"Acrobatics+1","floor":27.0},{"not_picked":["Outmaneuver+1","Infinite Blades","Backstab"],"picked":"SKIP","floor":29.0},{"not_picked":["Well Laid Plans","Masterful Stab+1","Concentrate+1"],"picked":"SKIP","floor":31.0},{"not_picked":["Phantasmal Killer+1","Unload"],"picked":"Envenom","floor":33.0},{"not_picked":["PiercingWail+1","Prepared+1","Flying Knee"],"picked":"SKIP","floor":35.0},{"not_picked":["Outmaneuver+1","Tactician+1","Dash+1"],"picked":"SKIP","floor":37.0},{"not_picked":["Cloak And Dagger+1","Quick Slash+1","Backstab"],"picked":"SKIP","floor":38.0},{"not_picked":["Acrobatics+1","Underhanded Strike+1"],"picked":"Backflip+1","floor":39.0},{"not_picked":["Calculated Gamble+1","PiercingWail+1","Quick Slash"],"picked":"SKIP","floor":41.0},{"not_picked":["Footwork","Prepared+1","Setup+1"],"picked":"SKIP","floor":44.0},{"not_picked":["Slice+1","Poisoned Stab+1","Endless Agony+1"],"picked":"SKIP","floor":47.0},{"not_picked":["Well Laid Plans","Heel Hook","Slice"],"picked":"SKIP","floor":48.0}],"player_experience":585083,"relics_obtained":[{"floor":6.0,"key":"Letter Opener"},{"floor":9.0,"key":"Orichalcum"},{"floor":10.0,"key":"Blue Candle"},{"floor":13.0,"key":"Odd Mushroom"},{"floor":26.0,"key":"Nunchaku"},{"floor":29.0,"key":"Bottled Lightning"}],"event_choices":[{"cards_removed":["Strike_G"],"damage_healed":0.0,"max_hp_gain":0.0,"max_hp_loss":0.0,"gold_gain":0.0,"event_name":"The Cleric","player_choice":"Card Removal","floor":3.0,"gold_loss":50.0,"damage_taken":0.0},{"damage_healed":0.0,"max_hp_gain":0.0,"max_hp_loss":0.0,"gold_gain":75.0,"event_name":"World of Goop","player_choice":"Gather Gold","floor":4.0,"gold_loss":0.0,"damage_taken":11.0},{"damage_healed":0.0,"max_hp_gain":0.0,"max_hp_loss":0.0,"gold_gain":175.0,"event_name":"Liars Game","player_choice":"AGREE","floor":5.0,"gold_loss":0.0,"damage_taken":0.0,"cards_obtained":["Doubt"]},{"damage_healed":0.0,"max_hp_gain":0.0,"max_hp_loss":0.0,"gold_gain":0.0,"event_name":"Mushrooms","player_choice":"Fought Mushrooms","floor":13.0,"gold_loss":0.0,"damage_taken":0.0},{"damage_healed":0.0,"max_hp_gain":0.0,"max_hp_loss":0.0,"gold_gain":0.0,"event_name":"The Woman in Blue","player_choice":"Bought 2 Potions","floor":19.0,"gold_loss":0.0,"damage_taken":0.0},{"cards_removed":["Regret"],"damage_healed":0.0,"max_hp_gain":0.0,"max_hp_loss":0.0,"gold_gain":0.0,"event_name":"Designer","player_choice":"Upgrade and Remove","floor":36.0,"gold_loss":90.0,"damage_taken":0.0,"cards_upgraded":["Strike_G"]}],"is_beta":false,"boss_relics":[{"not_picked":["Coffee Dripper","Velvet Choker"],"picked":"Cursed Key"},{"not_picked":["Runic Pyramid","HoveringKite"],"picked":"SlaversCollar"}],"items_purged_floors":[8,20,45],"is_endless":false,"potions_floor_spawned":[1,6,14,18,24,27,29,31,37,39,41],"killed_by":"Awakened One","ascension_level":0}