{"gold_per_floor":[110,128,147,112,138,138,169,180,180,11,11,23,40,60,60,163,163,149,149,74,74,12,41,41,57,107,121,141,141,152,72,72,173,173,190,242,64,83,96,107,107,107],"floor_reached":42,"playtime":4846,"items_purged":["Defend_G","Outmaneuver","Defend_G"],"score":447,"play_id":"a4e8a1b0-282a-4f76-a404-09a255135ce3","local_time":"20200508220558","is_ascension_mode":false,"campfire_choices":[{"data":"Neutralize","floor":6.0,"key":"SMITH"},{"floor":15.0,"key":"REST"},{"data":"Calculated Gamble","floor":24.0,"key":"SMITH"},{"data":"Grand Finale","floor":29.0,"key":"SMITH"},{"data":"Trip","floor":32.0,"key":"SMITH"},{"floor":41.0,"key":"RECALL"}],"neow_cost":"PERCENT_DAMAGE","seed_source_timestamp":0,"circlet_count":0,"master_deck":["Strike_G","Survivor","Neutralize+1","Prepared","Backflip","Trip+1","Calculated Gamble+1","Dagger Throw","Grand Finale+1","Deflect+1","Flying Knee+1","Backflip","Dodge and Roll","Leg Sweep","Underhanded Strike","Well Laid Plans+1","Burst+1","Predator+1","Well Laid Plans+1","Panacea+1","Deflect+1"],"special_seed":0,"relics":["Ring of the Snake","Blood Vial","Bag of Marbles","Frozen Egg 2","The Courier","Astrolabe","Regal Pillow","Toxic Egg 2","Anchor","Empty Cage","Shovel"],"potions_floor_usage":[],"damage_taken":[{"damage":1.0,"enemies":"2 Louse","floor":1.0,"turns":2.0},{"damage":3.0,"enemies":"Jaw Worm","floor":2.0,"turns":4.0},{"damage":0.0,"enemies":"Cultist","floor":3.0,"turns":4.0},{"damage":28.0,"enemies":"Gremlin Nob","floor":7.0,"turns":5.0},{"damage":10.0,"enemies":"Large Slime","floor":8.0,"turns":9.0},{"damage":0.0,"enemies":"3 Louse","floor":12.0,"turns":3.0},{"damage":3.0,"enemies":"Lots of Slimes","floor":13.0,"turns":6.0},{"damage":17.0,"enemies":"Large Slime","floor":14.0,"turns":8.0},{"damage":30.0,"enemies":"The Guardian","floor":16.0,"turns":14.0},{"damage":5.0,"enemies":"2 Thieves","floor":18.0,"turns":4.0},{"damage":4.0,"enemies":"Gremlin Leader","floor":23.0,"turns":3.0},{"damage":6.0,"enemies":"Shell Parasite","floor":25.0,"turns":7.0},{"damage":7.0,"enemies":"Shelled Parasite and Fungi","floor":27.0,"turns":11.0},{"damage":0.0,"enemies":"Snecko","floor":28.0,"turns":3.0},{"damage":0.0,"enemies":"Snake Plant","floor":30.0,"turns":5.0},{"damage":24.0,"enemies":"Collector","floor":33.0,"turns":9.0},{"damage":0.0,"enemies":"3 Darklings","floor":35.0,"turns":2.0},{"damage":0.0,"enemies":"2 Orb Walkers","floor":36.0,"turns":2.0},{"damage":0.0,"enemies":"3 Shapes","floor":38.0,"turns":3.0},{"damage":11.0,"enemies":"Transient","floor":39.0,"turns":5.0},{"damage":13.0,"enemies":"Jaw Worm Horde","floor":40.0,"turns":4.0},{"damage":50,"enemies":"Giant Head","floor":42,"turns":9}],"seed_played":"4046723806454145145","potions_obtained":[{"floor":1.0,"key":"SmokeBomb"},{"floor":2.0,"key":"BlessingOfTheForge"},{"floor":13.0,"key":"SkillPotion"},{"floor":16.0,"key":"SneckoOil"},{"floor":18.0,"key":"SkillPotion"},{"floor":28.0,"key":"SkillPotion"},{"floor":35.0,"key":"SkillPotion"},{"floor":40.0,"key":"EssenceOfSteel"}],"is_trial":false,"path_per_floor":["M","M","M","?","T","R","E","M","T","$","T","M","M","M","R","B",null,"M","?","?","?","$","E","R","M","T","M","M","R","M","$","R","B",null,"M","?","$","M","M","M","R","E"],"character_chosen":"THE_SILENT","items_purchased":["Trip","Leg Sweep","Panacea+1"],"campfire_rested":1,"item_purchase_floors":[10,22,37],"current_hp_per_floor":[48,45,45,62,62,62,36,28,28,28,28,30,29,14,35,7,70,65,65,65,65,65,63,63,59,59,54,56,56,58,58,58,36,70,70,70,70,70,59,48,48,0],"gold":107,"neow_bonus":"REMOVE_TWO","is_prod":false,"is_daily":false,"chose_seed":false,"campfire_upgraded":4,"win_rate":0,"timestamp":1588946758,"path_taken":["M","M","M","?","?","R","E","M","T","$","?","M","?","M","R","BOSS","M","?","?","?","$","E","R","M","T","M","?","R","?","$","R","BOSS","M","?","$","M","M","M","R","E"],"build_version":"2020-01-27","purchased_purges":3,"victory":false,"max_hp_per_floor":[70,70,70,70,70,70,70,70,70,70,70,70,70,70,70,70,70,70,70,70,70,70,70,70,70,70,70,70,70,70,70,70,70,70,70,70,70,70,70,70,70,70],"card_choices":[{"not_picked":["Infinite Blades","Bane"],"picked":"Outmaneuver","floor":1.0},{"not_picked":["Dagger Spray","Deadly Poison","Flying Knee"],"picked":"SKIP","floor":2.0},{"not_picked":["Underhanded Strike","Poisoned Stab"],"picked":"Prepared","floor":3.0},{"not_picked":["Escape Plan","Prepared","PiercingWail"],"picked":"SKIP","floor":7.0},{"not_picked":["Tactician","Finisher"],"picked":"Backflip","floor":8.0},{"not_picked":["Skewer","Flying Knee","Sucker Punch"],"picked":"SKIP","floor":12.0},{"not_picked":["Poisoned Stab","Underhanded Strike"],"picked":"Calculated Gamble","floor":13.0},{"not_picked":["Poisoned Stab","Deadly Poison"],"picked":"Dagger Throw","floor":14.0},{"not_picked":["Glass Knife","Malaise"],"picked":"Grand Finale","floor":16.0},{"not_picked":["Cloak And Dagger","Escape Plan"],"picked":"Backflip","floor":18.0},{"not_picked":["Outmaneuver+1","Flying Knee","Masterful Stab"],"picked":"SKIP","floor":23.0},{"not_picked":["Leg Sweep+1","PiercingWail+1"],"picked":"Underhanded Strike","floor":25.0},{"not_picked":["Expertise+1","Sucker Punch"],"picked":"Well Laid Plans+1","floor":27.0},{"not_picked":["Expertise+1","Dagger Throw","Outmaneuver+1"],"picked":"SKIP","floor":28.0},{"not_picked":["Dodge and Roll+1","Deadly Poison+1","PiercingWail+1"],"picked":"SKIP","floor":30.0},{"not_picked":["Unload","Bullet Time+1"],"picked":"Burst+1","floor":33.0},{"not_picked":["Sucker Punch+1","Eviscerate+1"],"picked":"Predator+1","floor":35.0},{"not_picked":["Infinite Blades+1","Caltrops+1"],"picked":"Well Laid Plans+1","floor":36.0},{"not_picked":["Footwork+1","Bane","Distraction+1"],"picked":"SKIP","floor":38.0},{"not_picked":["Dodge and Roll+1","Flying Knee","Dagger Throw+1"],"picked":"SKIP","floor":39.0},{"not_picked":["Heel Hook+1","Poisoned Stab"],"picked":"Deflect+1","floor":40.0}],"player_experience":640465,"relics_obtained":[{"floor":5.0,"key":"Blood Vial"},{"floor":7.0,"key":"Bag of Marbles"},{"floor":9.0,"key":"Frozen Egg 2"},{"floor":11.0,"key":"The Courier"},{"floor":23.0,"key":"Toxic Egg 2"},{"floor":26.0,"key":"Anchor"},{"floor":36.0,"key":"Shovel"}],"event_choices":[{"damage_healed":17.0,"max_hp_gain":0.0,"max_hp_loss":0.0,"gold_gain":0.0,"event_name":"The Cleric","player_choice":"Healed","floor":4.0,"gold_loss":35.0,"damage_taken":0.0},{"damage_healed":0.0,"max_hp_gain":0.0,"max_hp_loss":0.0,"gold_gain":0.0,"event_name":"Addict","player_choice":"Stole Relic","floor":19.0,"gold_loss":0.0,"damage_taken":0.0,"relics_obtained":["Regal Pillow"],"cards_obtained":["Shame"]},{"cards_removed":["Shame"],"damage_healed":0.0,"max_hp_gain":0.0,"max_hp_loss":0.0,"gold_gain":0.0,"event_name":"Beggar","player_choice":"Gave Gold","floor":20.0,"gold_loss":75.0,"damage_taken":0.0},{"damage_healed":0.0,"max_hp_gain":0.0,"max_hp_loss":0.0,"gold_gain":0.0,"cards_transformed":["Tactician"],"event_name":"Transmorgrifier","player_choice":"Transformed","floor":21.0,"gold_loss":0.0,"damage_taken":0.0,"cards_obtained":["Dodge and Roll"]},{"damage_healed":0.0,"max_hp_gain":0.0,"max_hp_loss":0.0,"gold_gain":0.0,"event_name":"Mysterious Sphere","player_choice":"Fight","floor":36.0,"gold_loss":0.0,"damage_taken":0.0}],"is_beta":false,"boss_relics":[{"not_picked":["Pandora\u0027s Box","Ectoplasm"],"picked":"Astrolabe"},{"not_picked":["Fusion Hammer","Sozu"],"picked":"Empty Cage"}],"items_purged_floors":[10,31,37],"is_endless":false,"potions_floor_spawned":[1,2,13,16,18,28,35,40],"killed_by":"Giant Head","ascension_level":0}