{"gold_per_floor":[11,11,11,27,27,27,54,67,119,137,137,137,157,167,167,262,262,250,250,268,287,22,22,36,36,87,87,99,127,127,138,138,138],"floor_reached":33,"playtime":1987,"items_purged":[],"score":294,"play_id":"f1d84d27-b363-4e28-b0f1-365724f2e50f","local_time":"20200511205059","is_ascension_mode":false,"campfire_choices":[{"data":"Survivor","floor":6.0,"key":"SMITH"},{"floor":11.0,"key":"REST"},{"floor":12.0,"key":"RECALL"},{"data":"Sucker Punch","floor":15.0,"key":"SMITH"},{"data":"Apotheosis","floor":23,"key":"SMITH"},{"data":"Backstab","floor":25,"key":"SMITH"},{"data":"Footwork","floor":27,"key":"SMITH"},{"data":"Phantasmal Killer","floor":32,"key":"SMITH"}],"neow_cost":"NO_GOLD","seed_source_timestamp":5825483032703590,"circlet_count":0,"master_deck":["Strike_G","Strike_G","Strike_G","Strike_G","Strike_G","Defend_G","Defend_G","Defend_G+1","Defend_G","Defend_G+1","Survivor+1","Neutralize+1","Sucker Punch+1","Footwork+1","Backflip","Dagger Spray","Backstab+1","Burst","Deadly Poison+1","Leg Sweep","Apotheosis+1","Terror","Blur","Phantasmal Killer+1"],"special_seed":0,"relics":["Ring of the Snake","WingedGreaves","Anchor","Snake Skull","Velvet Choker","PreservedInsect","Potion Belt","Oddly Smooth Stone"],"potions_floor_usage":[24,31,31,33],"damage_taken":[{"damage":0.0,"enemies":"2 Louse","floor":1.0,"turns":3.0},{"damage":0.0,"enemies":"Jaw Worm","floor":4.0,"turns":5.0},{"damage":25.0,"enemies":"3 Sentries","floor":7.0,"turns":13.0},{"damage":1.0,"enemies":"Small Slimes","floor":8.0,"turns":4.0},{"damage":8.0,"enemies":"Exordium Wildlife","floor":10.0,"turns":6.0},{"damage":0.0,"enemies":"3 Louse","floor":13.0,"turns":2.0},{"damage":0.0,"enemies":"Red Slaver","floor":14.0,"turns":4.0},{"damage":8.0,"enemies":"The Guardian","floor":16.0,"turns":15.0},{"damage":3.0,"enemies":"2 Thieves","floor":18.0,"turns":4.0},{"damage":1,"enemies":"Spheric Guardian","floor":20,"turns":7},{"damage":27,"enemies":"Snecko","floor":21,"turns":8},{"damage":4,"enemies":"3 Cultists","floor":24,"turns":6},{"damage":20,"enemies":"Chosen and Byrds","floor":28,"turns":7},{"damage":0,"enemies":"Book of Stabbing","floor":29,"turns":5},{"damage":20,"enemies":"Shelled Parasite and Fungi","floor":31,"turns":5},{"damage":33,"enemies":"Champ","floor":33,"turns":12}],"seed_played":"-5777719891640339144","potions_obtained":[{"floor":4.0,"key":"FairyPotion"},{"floor":7.0,"key":"LiquidMemories"},{"floor":10.0,"key":"LiquidBronze"},{"floor":14.0,"key":"Swift Potion"},{"floor":16.0,"key":"GamblersBrew"},{"floor":20,"key":"LiquidBronze"},{"floor":28,"key":"Weak Potion"},{"floor":29,"key":"Explosive Potion"}],"is_trial":false,"path_per_floor":["M","?","?","M","?","R","E","M","T","M","R","R","M","M","R","B",null,"M","?","M","M","$","R","M","R","T","R","M","E","?","M","R","B"],"character_chosen":"THE_SILENT","items_purchased":["Apotheosis","Terror"],"campfire_rested":1,"item_purchase_floors":[22,22],"current_hp_per_floor":[70,70,56,56,61,61,36,35,35,27,49,49,49,49,49,41,75,72,72,71,44,44,44,40,40,40,40,20,20,20,22,22,0],"gold":138,"neow_bonus":"ONE_RARE_RELIC","is_prod":false,"is_daily":false,"chose_seed":false,"campfire_upgraded":6,"win_rate":0,"timestamp":1589201459,"path_taken":["M","?","?","?","?","R","E","M","T","M","R","R","M","M","R","BOSS","M","?","M","M","$","R","M","R","T","R","M","E","?","M","R","BOSS"],"build_version":"2020-01-27","purchased_purges":0,"victory":false,"max_hp_per_floor":[70,70,70,70,75,75,75,75,75,75,75,75,75,75,75,75,75,75,75,75,75,75,75,75,75,75,75,75,75,75,75,75,75],"card_choices":[{"not_picked":["PiercingWail","Poisoned Stab"],"picked":"Sucker Punch","floor":1.0},{"not_picked":["PiercingWail","Outmaneuver"],"picked":"Footwork","floor":4.0},{"not_picked":["Poisoned Stab","Endless Agony"],"picked":"Backflip","floor":7.0},{"not_picked":["Outmaneuver","Eviscerate"],"picked":"Dagger Spray","floor":8.0},{"not_picked":["Poisoned Stab","Setup","Concentrate"],"picked":"SKIP","floor":10.0},{"not_picked":["Well Laid Plans","Accuracy"],"picked":"Backstab","floor":13.0},{"not_picked":["Acrobatics","Predator","Outmaneuver"],"picked":"SKIP","floor":14.0},{"not_picked":["Storm of Steel","Bullet Time"],"picked":"Burst","floor":16.0},{"not_picked":["Acrobatics","Choke"],"picked":"Deadly Poison+1","floor":18.0},{"not_picked":["Accuracy+1","Underhanded Strike"],"picked":"Leg Sweep","floor":20},{"not_picked":["Poisoned Stab","Infinite Blades","Heel Hook+1"],"picked":"SKIP","floor":21},{"not_picked":["Dodge and Roll","Poisoned Stab"],"picked":"Blur","floor":24},{"not_picked":["Terror","PiercingWail+1","Outmaneuver"],"picked":"SKIP","floor":28},{"not_picked":["Outmaneuver","Cloak And Dagger","Backflip"],"picked":"SKIP","floor":29},{"not_picked":["Outmaneuver+1","Underhanded Strike"],"picked":"Phantasmal Killer","floor":31}],"player_experience":650758,"relics_obtained":[{"floor":7.0,"key":"Anchor"},{"floor":9.0,"key":"Snake Skull"},{"floor":26,"key":"PreservedInsect"},{"floor":29,"key":"Potion Belt"}],"event_choices":[{"damage_healed":0.0,"max_hp_gain":0.0,"max_hp_loss":0.0,"gold_gain":0.0,"event_name":"Living Wall","player_choice":"Grow","floor":2.0,"gold_loss":0.0,"damage_taken":0.0,"cards_upgraded":["Neutralize"]},{"damage_healed":0.0,"max_hp_gain":0.0,"max_hp_loss":0.0,"gold_gain":0.0,"event_name":"Shining Light","player_choice":"Entered Light","floor":3.0,"gold_loss":0.0,"damage_taken":14.0,"cards_upgraded":["Defend_G","Defend_G"]},{"damage_healed":0.0,"max_hp_gain":5.0,"max_hp_loss":0.0,"gold_gain":0.0,"event_name":"Big Fish","player_choice":"Donut","floor":5.0,"gold_loss":0.0,"damage_taken":0.0},{"damage_healed":0.0,"max_hp_gain":0.0,"max_hp_loss":0.0,"gold_gain":0.0,"event_name":"Ghosts","player_choice":"Ignored","floor":19.0,"gold_loss":0.0,"damage_taken":0.0},{"damage_healed":0,"gold_gain":0,"player_choice":"Opened","damage_taken":0,"relics_obtained":["Oddly Smooth Stone"],"max_hp_gain":0,"max_hp_loss":0,"event_name":"The Mausoleum","floor":30,"gold_loss":0}],"is_beta":false,"boss_relics":[{"not_picked":["Runic Dome","Pandora\u0027s Box"],"picked":"Velvet Choker"}],"items_purged_floors":[],"is_endless":false,"potions_floor_spawned":[4,7,10,14,16,20,28,29],"killed_by":"Champ","ascension_level":0}