{"gold_per_floor":[115,115,131,141,157,157,186,197,197,212,85,85,110,60,60,159,159,143,158,158,176,190,222,222,250,250,260,359,359,105,105,105,206,206,217,217,227,20,20,20,47,47,47,63,79,0,0,33,33,33,33,33,33,60,60],"floor_reached":56,"playtime":4766,"items_purged":["Strike_G","Strike_G","Regret","Writhe"],"score":1245,"play_id":"6b16e6de-acf2-40ce-93d0-e94af1eb4e8d","local_time":"20210712210447","is_ascension_mode":false,"campfire_choices":[{"data":"Neutralize","floor":6.0,"key":"SMITH"},{"data":"Noxious Fumes","floor":12.0,"key":"SMITH"},{"data":"Burst","floor":15.0,"key":"SMITH"},{"data":"Adrenaline","floor":24.0,"key":"SMITH"},{"data":"Crippling Poison","floor":29.0,"key":"SMITH"},{"data":"Caltrops","floor":32.0,"key":"SMITH"},{"floor":40.0,"key":"RECALL"},{"data":"Dash","floor":42.0,"key":"SMITH"},{"data":"Sadistic Nature","floor":49.0,"key":"SMITH"},{"data":"Blur","floor":52.0,"key":"SMITH"}],"neow_cost":"CURSE","seed_source_timestamp":0,"circlet_count":0,"master_deck":["Strike_G","Strike_G","Strike_G","Defend_G+1","Defend_G","Defend_G","Defend_G","Defend_G","Survivor","Crippling Poison+1","Deadly Poison","Backflip+1","Noxious Fumes+1","Burst+1","Deadly Poison","Deflect","Adrenaline+1","Blur+1","Dash+1","Caltrops+1","Blur+1","Quick Slash","Malaise","PiercingWail+1","Sadistic Nature+1","Clumsy"],"special_seed":0,"relics":["Ring of the Snake","Shuriken","The Specimen","Smiling Mask","Cursed Key","Letter Opener","Turnip","War Paint","MutagenicStrength","Runic Pyramid","Bag of Marbles","Vajra","Mummified Hand","Red Mask","Happy Flower","Lantern"],"potions_floor_usage":[55,55,55],"damage_taken":[{"damage":4.0,"enemies":"2 Louse","floor":1.0,"turns":2.0},{"damage":0.0,"enemies":"Jaw Worm","floor":3.0,"turns":5.0},{"damage":5.0,"enemies":"Small Slimes","floor":4.0,"turns":4.0},{"damage":1.0,"enemies":"Exordium Wildlife","floor":5.0,"turns":5.0},{"damage":17.0,"enemies":"3 Sentries","floor":7.0,"turns":9.0},{"damage":16.0,"enemies":"2 Fungi Beasts","floor":8.0,"turns":5.0},{"damage":7.0,"enemies":"Looter","floor":10.0,"turns":4.0},{"damage":10.0,"enemies":"Slime Boss","floor":16.0,"turns":11.0},{"damage":7.0,"enemies":"2 Thieves","floor":18.0,"turns":4.0},{"damage":0.0,"enemies":"3 Byrds","floor":19.0,"turns":4.0},{"damage":8.0,"enemies":"Snake Plant","floor":21.0,"turns":5.0},{"damage":15.0,"enemies":"Cultist and Chosen","floor":22.0,"turns":6.0},{"damage":25.0,"enemies":"Slavers","floor":23.0,"turns":6.0},{"damage":0.0,"enemies":"Book of Stabbing","floor":25.0,"turns":4.0},{"damage":3.0,"enemies":"Snecko","floor":27.0,"turns":7.0},{"damage":13.0,"enemies":"Automaton","floor":33.0,"turns":9.0},{"damage":23.0,"enemies":"3 Darklings","floor":35.0,"turns":4.0},{"damage":3.0,"enemies":"3 Shapes","floor":37.0,"turns":3.0},{"damage":0.0,"enemies":"Giant Head","floor":41.0,"turns":9.0},{"damage":0.0,"enemies":"3 Darklings","floor":44.0,"turns":3.0},{"damage":0.0,"enemies":"Jaw Worm Horde","floor":45.0,"turns":2.0},{"damage":11.0,"enemies":"Reptomancer","floor":48.0,"turns":5.0},{"damage":35.0,"enemies":"Awakened One","floor":50.0,"turns":12.0},{"damage":0.0,"enemies":"Shield and Spear","floor":54.0,"turns":5.0},{"damage":62,"enemies":"The Heart","floor":55,"turns":12}],"seed_played":"1516787252152027358","potions_obtained":[{"floor":1.0,"key":"Poison Potion"},{"floor":7.0,"key":"LiquidMemories"},{"floor":10.0,"key":"DistilledChaos"},{"floor":16.0,"key":"EssenceOfSteel"},{"floor":21.0,"key":"Fire Potion"},{"floor":25.0,"key":"Regen Potion"},{"floor":27.0,"key":"FearPotion"},{"floor":37.0,"key":"Dexterity Potion"},{"floor":41.0,"key":"SkillPotion"},{"floor":44.0,"key":"Fire Potion"}],"is_trial":false,"path_per_floor":["M","?","M","M","M","R","E","M","T","M","$","R","T","$","R","B",null,"M","M","?","M","M","E","R","E","T","M","?","R","$","?","R","B",null,"M","?","M","$","?","R","E","R","T","M","M","?","?","E","R","B",null,"R","$","E","B",null],"character_chosen":"THE_SILENT","items_purchased":["Deflect","War Paint","Quick Slash","Bag of Marbles"],"campfire_rested":0,"item_purchase_floors":[11,30,30,38],"current_hp_per_floor":[80,73,73,68,67,67,50,34,34,27,27,27,27,27,27,17,84,77,77,77,69,54,29,29,29,29,41,41,41,41,41,41,28,84,61,82,79,79,79,79,79,79,79,79,79,79,79,68,68,33,84,84,84,84,22],"gold":60,"neow_bonus":"TWENTY_PERCENT_HP_BONUS","is_prod":false,"is_daily":false,"chose_seed":false,"campfire_upgraded":9,"win_rate":0,"timestamp":1626095087,"path_taken":["M","?","M","M","M","R","E","M","T","M","$","R","?","?","R","BOSS","M","M","?","M","M","E","R","E","T","M","?","R","?","?","R","BOSS","M","?","M","$","?","R","E","R","T","M","M","?","?","E","R","BOSS","R","$","E","BOSS"],"build_version":"2020-12-22","purchased_purges":4,"victory":true,"max_hp_per_floor":[84,84,84,84,84,84,84,84,84,84,84,84,84,84,84,84,84,84,84,84,84,84,84,84,84,84,84,84,84,84,84,84,84,84,84,84,84,84,84,84,84,84,84,84,84,84,84,84,84,84,84,84,84,84,84],"card_choices":[{"not_picked":["Slice","PiercingWail"],"picked":"Crippling Poison","floor":1.0},{"not_picked":["Flying Knee","Cloak And Dagger"],"picked":"Deadly Poison","floor":3.0},{"not_picked":["Crippling Poison","Malaise"],"picked":"Backflip","floor":4.0},{"not_picked":["Flying Knee","Well Laid Plans"],"picked":"Noxious Fumes","floor":5.0},{"not_picked":["Crippling Poison","Underhanded Strike"],"picked":"Burst","floor":7.0},{"not_picked":["Deflect","Expertise"],"picked":"Deadly Poison","floor":8.0},{"not_picked":["Quick Slash","Slice","Heel Hook"],"picked":"SKIP","floor":10.0},{"not_picked":["Storm of Steel","Phantasmal Killer"],"picked":"Adrenaline","floor":16.0},{"not_picked":["Concentrate","Dagger Spray"],"picked":"Blur+1","floor":18.0},{"not_picked":["Prepared","Noxious Fumes","Outmaneuver"],"picked":"SKIP","floor":19.0},{"not_picked":["Flying Knee+1","Crippling Poison"],"picked":"Caltrops","floor":21.0},{"not_picked":["Outmaneuver+1","Prepared","Cloak And Dagger"],"picked":"SKIP","floor":22.0},{"not_picked":["Deadly Poison","Noxious Fumes","Bane"],"picked":"SKIP","floor":23.0},{"not_picked":["Glass Knife","Flying Knee+1"],"picked":"Blur","floor":25.0},{"not_picked":["Bouncing Flask","Slice+1","Dagger Throw+1"],"picked":"SKIP","floor":27.0},{"not_picked":["Doppelganger","Tools of the Trade"],"picked":"Malaise","floor":33.0},{"not_picked":["Distraction+1","Setup","Dagger Throw"],"picked":"SKIP","floor":35.0},{"not_picked":["Flying Knee+1","Prepared"],"picked":"PiercingWail+1","floor":37.0},{"not_picked":["Metamorphosis","Discovery"],"picked":"Sadistic Nature","floor":39.0},{"not_picked":["Choke+1","Concentrate","Deadly Poison+1"],"picked":"SKIP","floor":41.0},{"not_picked":["Escape Plan","PiercingWail","Cloak And Dagger+1"],"picked":"SKIP","floor":44.0},{"not_picked":["Dodge and Roll","Bane","Sucker Punch+1"],"picked":"SKIP","floor":45.0},{"not_picked":["Outmaneuver+1","Cloak And Dagger","A Thousand Cuts"],"picked":"SKIP","floor":48.0},{"not_picked":["Setup","Blur","Dash"],"picked":"SKIP","floor":54.0}],"player_experience":742231,"relics_obtained":[{"floor":7.0,"key":"Shuriken"},{"floor":9.0,"key":"The Specimen"},{"floor":13.0,"key":"Smiling Mask"},{"floor":23.0,"key":"Letter Opener"},{"floor":25.0,"key":"Turnip"},{"floor":41.0,"key":"Vajra"},{"floor":43.0,"key":"Mummified Hand"},{"floor":48.0,"key":"Happy Flower"},{"floor":54.0,"key":"Lantern"}],"event_choices":[{"cards_removed":["Pain"],"damage_healed":0.0,"max_hp_gain":0.0,"max_hp_loss":0.0,"gold_gain":0.0,"event_name":"Golden Wing","player_choice":"Card Removal","floor":2.0,"gold_loss":0.0,"damage_taken":7.0},{"damage_healed":0.0,"max_hp_gain":0.0,"max_hp_loss":0.0,"gold_gain":0.0,"event_name":"The Library","player_choice":"Read","floor":20.0,"gold_loss":0.0,"damage_taken":0.0,"cards_obtained":["Dash"]},{"damage_healed":0.0,"max_hp_gain":0.0,"max_hp_loss":0.0,"gold_gain":99.0,"event_name":"Nest","player_choice":"Stole From Cult","floor":28.0,"gold_loss":0.0,"damage_taken":0.0},{"damage_healed":0.0,"max_hp_gain":0.0,"max_hp_loss":0.0,"gold_gain":0.0,"event_name":"Drug Dealer","player_choice":"Inject Mutagens","floor":31.0,"gold_loss":0.0,"damage_taken":0.0,"relics_obtained":["MutagenicStrength"]},{"damage_healed":21.0,"max_hp_gain":0.0,"max_hp_loss":0.0,"gold_gain":0.0,"event_name":"Winding Halls","player_choice":"Writhe","floor":36.0,"gold_loss":0.0,"damage_taken":0.0,"cards_obtained":["Writhe"]},{"damage_healed":0.0,"max_hp_gain":0.0,"max_hp_loss":0.0,"gold_gain":0.0,"event_name":"SensoryStone","player_choice":"Memory 1","floor":39.0,"gold_loss":0.0,"damage_taken":0.0},{"damage_healed":0.0,"max_hp_gain":0.0,"max_hp_loss":0.0,"gold_gain":0.0,"event_name":"Tomb of Lord Red Mask","player_choice":"Paid","floor":46.0,"gold_loss":79.0,"damage_taken":0.0,"relics_obtained":["Red Mask"]},{"cards_removed":["Neutralize"],"damage_healed":0.0,"max_hp_gain":0.0,"max_hp_loss":0.0,"gold_gain":0.0,"event_name":"Falling","player_choice":"Removed Attack","floor":47.0,"gold_loss":0.0,"damage_taken":0.0}],"is_beta":false,"boss_relics":[{"not_picked":["Sozu","SlaversCollar"],"picked":"Cursed Key"},{"not_picked":["Snecko Eye","Black Star"],"picked":"Runic Pyramid"}],"items_purged_floors":[11,14,30,38],"is_endless":false,"potions_floor_spawned":[1,7,10,16,21,25,27,37,41,44],"ascension_level":0}