{"gold_per_floor":[19,29,40,140,155,155,188,188,213,232,232,232,248,265,265,265],"floor_reached":16,"playtime":1131,"items_purged":[],"score":104,"play_id":"1d5379c8-dfe3-44d2-bd15-a478363acf26","local_time":"20200402222127","is_ascension_mode":false,"campfire_choices":[{"data":"Entrench","floor":6.0,"key":"SMITH"},{"data":"Body Slam","floor":8.0,"key":"SMITH"},{"floor":12.0,"key":"RECALL"},{"floor":15.0,"key":"REST"}],"neow_cost":"NO_GOLD","seed_source_timestamp":2461306305615179,"circlet_count":0,"master_deck":["Strike_R","Strike_R","Strike_R","Strike_R","Strike_R","Defend_R","Defend_R","Defend_R","Defend_R","Bash+1","Master of Strategy","Entrench+1","Body Slam+1","Rage"],"special_seed":0,"relics":["Burning Blood","Art of War","Blood Vial"],"potions_floor_usage":[16],"damage_taken":[{"damage":6.0,"enemies":"Jaw Worm","floor":1.0,"turns":3.0},{"damage":3.0,"enemies":"Cultist","floor":2.0,"turns":5.0},{"damage":7.0,"enemies":"Small Slimes","floor":3.0,"turns":4.0},{"damage":19.0,"enemies":"Gremlin Gang","floor":5.0,"turns":5.0},{"damage":37.0,"enemies":"Lagavulin","floor":7.0,"turns":8.0},{"damage":4.0,"enemies":"2 Fungi Beasts","floor":10.0,"turns":4.0},{"damage":12.0,"enemies":"Blue Slaver","floor":13.0,"turns":3.0},{"damage":0.0,"enemies":"Looter","floor":14.0,"turns":3.0},{"damage":69,"enemies":"Slime Boss","floor":16,"turns":11}],"seed_played":"5407565910968972933","potions_obtained":[{"floor":1.0,"key":"ColorlessPotion"},{"floor":2.0,"key":"Fire Potion"},{"floor":3.0,"key":"SpeedPotion"},{"floor":13.0,"key":"AttackPotion"}],"is_trial":false,"path_per_floor":["M","M","M","?","M","R","E","R","T","M","?","R","M","M","R","B"],"character_chosen":"IRONCLAD","items_purchased":[],"campfire_rested":1,"item_purchase_floors":[],"current_hp_per_floor":[80,80,79,79,66,66,35,35,35,39,39,39,35,43,67,0],"gold":265,"neow_bonus":"RANDOM_COLORLESS_2","is_prod":false,"is_daily":false,"chose_seed":false,"campfire_upgraded":2,"win_rate":0,"timestamp":1585894887,"path_taken":["M","M","M","?","?","R","E","R","T","M","?","R","M","M","R","BOSS"],"build_version":"2020-01-27","purchased_purges":0,"victory":false,"max_hp_per_floor":[80,80,80,80,80,80,80,80,80,80,80,80,80,80,80,80],"card_choices":[{"not_picked":["Sadistic Nature","Transmutation"],"picked":"Master of Strategy","floor":0.0},{"not_picked":["Heavy Blade","Ghostly Armor","Clothesline"],"picked":"SKIP","floor":1.0},{"not_picked":["Havoc","Combust"],"picked":"Entrench","floor":2.0},{"not_picked":["True Grit","Blood for Blood"],"picked":"Body Slam","floor":3.0},{"not_picked":["Clothesline","Carnage","Power Through"],"picked":"SKIP","floor":5.0},{"not_picked":["Battle Trance","Offering","Shrug It Off"],"picked":"SKIP","floor":7.0},{"not_picked":["Clash","Perfected Strike"],"picked":"Rage","floor":10.0},{"not_picked":["Anger","Twin Strike","Sword Boomerang"],"picked":"SKIP","floor":13.0},{"not_picked":["Clash","Iron Wave","Bloodletting"],"picked":"SKIP","floor":14.0}],"player_experience":432999,"relics_obtained":[{"floor":7.0,"key":"Art of War"},{"floor":9.0,"key":"Blood Vial"}],"event_choices":[{"damage_healed":0.0,"max_hp_gain":0.0,"max_hp_loss":0.0,"gold_gain":100.0,"event_name":"Golden Shrine","player_choice":"Pray","floor":4.0,"gold_loss":0.0,"damage_taken":0.0},{"damage_healed":0.0,"max_hp_gain":0.0,"max_hp_loss":0.0,"gold_gain":0.0,"event_name":"Accursed Blacksmith","player_choice":"Forge","floor":11.0,"gold_loss":0.0,"damage_taken":0.0,"cards_upgraded":["Bash"]}],"is_beta":false,"boss_relics":[],"items_purged_floors":[],"is_endless":false,"potions_floor_spawned":[1,2,3,13],"killed_by":"Slime Boss","ascension_level":0}