{"gold_per_floor":[117,132,150,170,95,95,95,95,165,184,218,237,256,272,272,371,371,391,401,224,243,243,243,256,271,323,343,360,370,402,26,26,124,124,134,84,95,114,114,114,140,153,203,153,165,183,183,183,183,183,183,183,44,74,74],"floor_reached":55,"playtime":5282,"items_purged":["Strike_R","Defend_R","Regret","Strike_R","Parasite","Writhe"],"score":754,"play_id":"ce07c71e-8dad-47f8-b431-c47408e304e0","local_time":"20200406153429","is_ascension_mode":false,"campfire_choices":[{"data":"Bash","floor":6.0,"key":"SMITH"},{"data":"Feed","floor":8.0,"key":"SMITH"},{"floor":15.0,"key":"RECALL"},{"data":"Double Tap","floor":23.0,"key":"SMITH"},{"floor":32.0,"key":"REST"},{"data":"Armaments","floor":40.0,"key":"SMITH"},{"floor":47.0,"key":"REST"},{"floor":49.0,"key":"REST"},{"data":"Heavy Blade","floor":52.0,"key":"SMITH"}],"neow_cost":"NONE","seed_source_timestamp":2777324329097846,"circlet_count":0,"master_deck":["Strike_R","Strike_R","Defend_R","Defend_R","Defend_R","Bash+1","Shrug It Off","Disarm","Flame Barrier","Uppercut","Pommel Strike","Demon Form","Heavy Blade+1","Double Tap+1","Armaments+1","Impervious","Madness"],"special_seed":0,"relics":["Burning Blood","Anchor","PreservedInsect","Cursed Key","Smiling Mask","Mummified Hand","HornCleat","Busted Crown","Pocketwatch","Oddly Smooth Stone","Mango"],"potions_floor_usage":[],"damage_taken":[{"damage":1.0,"enemies":"Cultist","floor":1.0,"turns":3.0},{"damage":0.0,"enemies":"2 Louse","floor":2.0,"turns":3.0},{"damage":3.0,"enemies":"Jaw Worm","floor":3.0,"turns":3.0},{"damage":11.0,"enemies":"3 Louse","floor":4.0,"turns":5.0},{"damage":13.0,"enemies":"Exordium Wildlife","floor":10.0,"turns":7.0},{"damage":46.0,"enemies":"Lagavulin","floor":11.0,"turns":12.0},{"damage":0.0,"enemies":"2 Fungi Beasts","floor":12.0,"turns":4.0},{"damage":0.0,"enemies":"Looter","floor":13.0,"turns":3.0},{"damage":0.0,"enemies":"Gremlin Gang","floor":14.0,"turns":5.0},{"damage":60.0,"enemies":"The Guardian","floor":16.0,"turns":16.0},{"damage":3.0,"enemies":"3 Byrds","floor":18.0,"turns":3.0},{"damage":0.0,"enemies":"Shell Parasite","floor":19.0,"turns":5.0},{"damage":2.0,"enemies":"Snecko","floor":21.0,"turns":5.0},{"damage":0.0,"enemies":"Snake Plant","floor":24.0,"turns":4.0},{"damage":9.0,"enemies":"Centurion and Healer","floor":25.0,"turns":6.0},{"damage":5.0,"enemies":"Snecko","floor":27.0,"turns":4.0},{"damage":37.0,"enemies":"Sentry and Sphere","floor":28.0,"turns":6.0},{"damage":29.0,"enemies":"Snake Plant","floor":29.0,"turns":6.0},{"damage":25.0,"enemies":"Book of Stabbing","floor":30.0,"turns":4.0},{"damage":18.0,"enemies":"Champ","floor":33.0,"turns":10.0},{"damage":32.0,"enemies":"3 Darklings","floor":35.0,"turns":7.0},{"damage":0.0,"enemies":"Orb Walker","floor":37.0,"turns":4.0},{"damage":15.0,"enemies":"Writhing Mass","floor":38.0,"turns":7.0},{"damage":28.0,"enemies":"Reptomancer","floor":41.0,"turns":7.0},{"damage":0.0,"enemies":"Maw","floor":42.0,"turns":7.0},{"damage":11.0,"enemies":"3 Darklings","floor":45.0,"turns":6.0},{"damage":24.0,"enemies":"Transient","floor":46.0,"turns":5.0},{"damage":69.0,"enemies":"Donu and Deca","floor":50.0,"turns":10.0},{"damage":98,"enemies":"Shield and Spear","floor":54,"turns":9},{"damage":28,"enemies":"The Heart","floor":55,"turns":2}],"seed_played":"6712087517968798393","potions_obtained":[{"floor":4.0,"key":"EntropicBrew"},{"floor":11.0,"key":"SkillPotion"},{"floor":12.0,"key":"SkillPotion"},{"floor":14.0,"key":"DuplicationPotion"},{"floor":18.0,"key":"LiquidBronze"},{"floor":19.0,"key":"Swift Potion"},{"floor":22.0,"key":"SteroidPotion"},{"floor":24.0,"key":"Explosive Potion"},{"floor":28.0,"key":"Strength Potion"},{"floor":35.0,"key":"PowerPotion"},{"floor":37.0,"key":"Strength Potion"},{"floor":42.0,"key":"Energy Potion"},{"floor":45.0,"key":"EssenceOfSteel"}],"is_trial":false,"path_per_floor":["M","M","M","M","$","R","?","R","T","M","E","M","M","M","R","B",null,"M","M","$","M","?","R","M","M","T","M","M","M","E","$","R","B",null,"M","$","M","M","$","R","E","M","T","$","M","M","R","?","R","B",null,"R","$","E","B"],"character_chosen":"IRONCLAD","items_purchased":["Double Tap","HornCleat","Regen Potion","Madness"],"campfire_rested":3,"item_purchase_floors":[20,31,31,53],"current_hp_per_floor":[80,80,80,78,78,78,78,78,78,75,35,45,55,65,65,11,99,99,99,99,99,99,99,99,100,100,105,74,51,32,32,64,67,107,81,81,87,78,78,78,56,62,62,62,57,39,70,70,101,38,104,104,104,26,0],"gold":74,"neow_bonus":"RANDOM_COMMON_RELIC","is_prod":false,"is_daily":false,"chose_seed":false,"campfire_upgraded":5,"win_rate":0,"timestamp":1586216069,"path_taken":["M","M","M","M","$","R","?","R","T","M","E","?","M","M","R","BOSS","M","M","$","M","?","R","M","M","T","M","?","M","E","$","R","BOSS","M","?","M","M","$","R","E","?","T","?","?","M","R","?","R","BOSS","R","$","E","BOSS"],"build_version":"2020-01-27","purchased_purges":6,"victory":false,"max_hp_per_floor":[80,80,80,83,83,83,83,83,83,87,87,91,95,99,99,99,99,99,99,99,99,99,99,99,103,103,107,107,107,107,107,107,107,107,107,107,107,107,107,107,107,107,107,104,104,104,104,104,104,104,104,104,104,118,118],"card_choices":[{"not_picked":["True Grit","Anger","Headbutt"],"picked":"SKIP","floor":1.0},{"not_picked":["Wild Strike","Dual Wield"],"picked":"Shrug It Off","floor":2.0},{"not_picked":["Flame Barrier","Twin Strike"],"picked":"Feed","floor":3.0},{"not_picked":["Inflame","Carnage"],"picked":"Disarm","floor":4.0},{"not_picked":["Sword Boomerang","Clash"],"picked":"Flame Barrier","floor":10.0},{"not_picked":["Anger","Clash"],"picked":"Uppercut","floor":11.0},{"not_picked":["Metallicize","Clash"],"picked":"Pommel Strike","floor":12.0},{"not_picked":["Clothesline","Power Through","Iron Wave"],"picked":"SKIP","floor":13.0},{"not_picked":["Entrench","Sever Soul","Clothesline"],"picked":"SKIP","floor":14.0},{"not_picked":["Brutality","Juggernaut"],"picked":"Demon Form","floor":16.0},{"not_picked":["Clash+1","Seeing Red+1"],"picked":"Heavy Blade","floor":18.0},{"not_picked":["Iron Wave","Headbutt","Sword Boomerang"],"picked":"SKIP","floor":19.0},{"not_picked":["Anger","Shrug It Off","Perfected Strike+1"],"picked":"SKIP","floor":21.0},{"not_picked":["Anger","Shrug It Off","Perfected Strike+1"],"picked":"SKIP","floor":21.0},{"not_picked":["Impervious","True Grit","Wild Strike+1"],"picked":"SKIP","floor":24.0},{"not_picked":["Body Slam","Clash+1"],"picked":"Armaments","floor":25.0},{"not_picked":["Clash","Twin Strike","Flex+1"],"picked":"SKIP","floor":27.0},{"not_picked":["Twin Strike+1","True Grit","Demon Form"],"picked":"SKIP","floor":28.0},{"not_picked":["Body Slam+1","Carnage","True Grit"],"picked":"SKIP","floor":29.0},{"not_picked":["Power Through","Thunderclap","Armaments"],"picked":"SKIP","floor":30.0},{"not_picked":["Limit Break","Berserk"],"picked":"Impervious","floor":33.0},{"not_picked":["Thunderclap"],"picked":"SKIP","floor":35.0},{"not_picked":["Reckless Charge"],"picked":"SKIP","floor":37.0},{"not_picked":["Headbutt"],"picked":"SKIP","floor":38.0},{"not_picked":["Brutality"],"picked":"SKIP","floor":41.0},{"not_picked":["Pommel Strike"],"picked":"SKIP","floor":42.0},{"not_picked":["Disarm+1"],"picked":"SKIP","floor":45.0},{"not_picked":["Fire Breathing"],"picked":"SKIP","floor":46.0},{"not_picked":["Clash"],"picked":"SKIP","floor":54}],"player_experience":433352,"relics_obtained":[{"floor":11.0,"key":"PreservedInsect"},{"floor":26.0,"key":"Smiling Mask"},{"floor":30.0,"key":"Mummified Hand"},{"floor":41.0,"key":"Pocketwatch"},{"floor":43.0,"key":"Oddly Smooth Stone"},{"floor":54,"key":"Mango"}],"event_choices":[{"cards_removed":["Strike_R"],"damage_healed":0.0,"max_hp_gain":0.0,"max_hp_loss":0.0,"gold_gain":0.0,"event_name":"Bonfire Elementals","player_choice":"Offered Basic","floor":7.0,"gold_loss":0.0,"damage_taken":0.0},{"damage_healed":0.0,"max_hp_gain":0.0,"max_hp_loss":0.0,"gold_gain":0.0,"event_name":"Lab","player_choice":"Got Potions","floor":22.0,"gold_loss":0.0,"damage_taken":0.0},{"cards_removed":["Feed"],"damage_healed":0.0,"max_hp_gain":0.0,"max_hp_loss":0.0,"gold_gain":0.0,"event_name":"Falling","player_choice":"Removed Attack","floor":48.0,"gold_loss":0.0,"damage_taken":0.0}],"is_beta":false,"boss_relics":[{"not_picked":["Astrolabe","Ectoplasm"],"picked":"Cursed Key"},{"not_picked":["Philosopher\u0027s Stone","Pandora\u0027s Box"],"picked":"Busted Crown"}],"items_purged_floors":[5,20,31,36,44,53],"is_endless":false,"potions_floor_spawned":[4,11,12,14,18,19,24,25,28,35,37,42,45,46],"killed_by":"The Heart","ascension_level":0}