{"gold_per_floor":[116,127,127,402,419,445,457,457,457,457,331,345,66,85,85,181,181,146,166,181,28,46,46,46,79,79,79,104,118,137,12,12,117,117,136,149,164,164],"floor_reached":38,"playtime":2767,"items_purged":["Regret","Defend_R","Strike_R"],"score":420,"play_id":"afd9cb94-bdf1-4285-a0f1-f05dfb2881b8","local_time":"20200424192334","is_ascension_mode":false,"campfire_choices":[{"data":"Bash","floor":8.0,"key":"SMITH"},{"data":"Ghostly Armor","floor":10.0,"key":"SMITH"},{"data":"Clothesline","floor":15.0,"key":"SMITH"},{"data":"Double Tap","floor":23.0,"key":"SMITH"},{"data":"Bludgeon","floor":32.0,"key":"SMITH"}],"neow_cost":"NONE","seed_source_timestamp":4350287603723077,"circlet_count":0,"master_deck":["Strike_R","Strike_R","Strike_R+1","Strike_R+1","Defend_R","Defend_R","Defend_R","Bash+1","Double Tap+1","Ghostly Armor+1","Shrug It Off","Flame Barrier","Flame Barrier","Seeing Red","Clothesline+1","Bludgeon+1","True Grit","Cleave+1","Dropkick","Evolve+1","Feel No Pain","Uppercut+1","Berserk","CurseOfTheBell"],"special_seed":0,"relics":["Burning Blood","Shuriken","Oddly Smooth Stone","Mark of Pain","Medical Kit","Singing Bowl","Question Card","Whetstone","Calling Bell","Art of War","The Courier","StoneCalendar"],"potions_floor_usage":[33,33,33,35,38],"damage_taken":[{"damage":6.0,"enemies":"Jaw Worm","floor":1.0,"turns":3.0},{"damage":6.0,"enemies":"Cultist","floor":2.0,"turns":3.0},{"damage":8.0,"enemies":"Small Slimes","floor":5.0,"turns":3.0},{"damage":28.0,"enemies":"Gremlin Nob","floor":6.0,"turns":6.0},{"damage":5.0,"enemies":"2 Fungi Beasts","floor":7.0,"turns":5.0},{"damage":0.0,"enemies":"3 Louse","floor":12.0,"turns":5.0},{"damage":2.0,"enemies":"Gremlin Gang","floor":14.0,"turns":7.0},{"damage":35.0,"enemies":"The Guardian","floor":16.0,"turns":15.0},{"damage":17.0,"enemies":"2 Thieves","floor":18.0,"turns":5.0},{"damage":7.0,"enemies":"Shell Parasite","floor":19.0,"turns":8.0},{"damage":4.0,"enemies":"Snake Plant","floor":20.0,"turns":5.0},{"damage":8.0,"enemies":"Centurion and Healer","floor":22.0,"turns":6.0},{"damage":39.0,"enemies":"Slavers","floor":25.0,"turns":7.0},{"damage":14.0,"enemies":"Book of Stabbing","floor":28.0,"turns":7.0},{"damage":1.0,"enemies":"Cultist and Chosen","floor":29.0,"turns":4.0},{"damage":12.0,"enemies":"Snake Plant","floor":30.0,"turns":4.0},{"damage":46,"enemies":"Automaton","floor":33,"turns":8},{"damage":28,"enemies":"3 Darklings","floor":35,"turns":5},{"damage":15,"enemies":"3 Shapes","floor":36,"turns":5},{"damage":46,"enemies":"Jaw Worm Horde","floor":37,"turns":7},{"damage":15,"enemies":"3 Darklings","floor":38,"turns":2}],"seed_played":"4905136795793152543","potions_obtained":[{"floor":1.0,"key":"BlessingOfTheForge"},{"floor":2.0,"key":"Strength Potion"},{"floor":7.0,"key":"CultistPotion"},{"floor":18.0,"key":"BloodPotion"},{"floor":25.0,"key":"FearPotion"},{"floor":33,"key":"EssenceOfSteel"},{"floor":37,"key":"Ancient Potion"}],"is_trial":false,"path_per_floor":["M","M","$","?","M","E","M","R","T","R","$","M","$","M","R","B",null,"M","M","M","$","M","R","$","E","T","?","E","M","M","$","R","B",null,"M","M","M","M"],"character_chosen":"IRONCLAD","items_purchased":["BloodPotion","Clothesline","Oddly Smooth Stone","Medical Kit"],"campfire_rested":0,"item_purchase_floors":[11,13,13,21],"current_hp_per_floor":[80,80,80,80,78,56,57,57,57,57,57,63,63,67,67,38,80,80,79,80,80,78,78,78,61,61,61,53,58,52,52,52,12,80,60,53,15,0],"gold":164,"neow_bonus":"ONE_RANDOM_RARE_CARD","is_prod":false,"is_daily":false,"chose_seed":false,"campfire_upgraded":5,"win_rate":0,"timestamp":1587785014,"path_taken":["M","M","$","?","M","E","M","R","T","R","$","M","$","?","R","BOSS","M","M","M","$","M","R","?","E","T","?","E","M","M","$","R","BOSS","M","M","M","M"],"build_version":"2020-01-27","purchased_purges":3,"victory":false,"max_hp_per_floor":[80,80,80,80,80,80,80,80,80,80,80,80,80,80,80,80,80,80,80,80,80,80,80,80,80,80,80,80,80,80,80,80,80,80,82,84,86,86],"card_choices":[{"not_picked":["Reckless Charge","Twin Strike"],"picked":"Ghostly Armor","floor":1.0},{"not_picked":["Clothesline","Twin Strike"],"picked":"Shrug It Off","floor":2.0},{"not_picked":["Perfected Strike","Entrench"],"picked":"Flame Barrier","floor":5.0},{"not_picked":["Perfected Strike","Disarm"],"picked":"Flame Barrier","floor":6.0},{"not_picked":["Warcry","Metallicize","Flex"],"picked":"SKIP","floor":7.0},{"not_picked":["Cleave","Bludgeon"],"picked":"Seeing Red","floor":12.0},{"not_picked":["Perfected Strike","Combust","Pommel Strike"],"picked":"SKIP","floor":14.0},{"not_picked":["Juggernaut","Limit Break"],"picked":"Bludgeon","floor":16.0},{"not_picked":["Flame Barrier","Cleave","Whirlwind"],"picked":"SKIP","floor":18.0},{"not_picked":["Wild Strike","Combust","Dual Wield"],"picked":"SKIP","floor":19.0},{"not_picked":["Anger+1","Warcry"],"picked":"True Grit","floor":20.0},{"not_picked":["Rupture","Pummel","Anger"],"picked":"SKIP","floor":22.0},{"not_picked":["Armaments","Brutality"],"picked":"Cleave+1","floor":25.0},{"not_picked":["Reaper","True Grit","Armaments"],"picked":"Evolve+1","floor":28.0},{"not_picked":["True Grit+1","Combust","Flex"],"picked":"Feel No Pain","floor":29.0},{"not_picked":["Armaments","Warcry","True Grit"],"picked":"Uppercut+1","floor":30.0},{"not_picked":["Exhume","Limit Break","Fiend Fire"],"picked":"Berserk","floor":33},{"not_picked":["Thunderclap+1","True Grit","Carnage+1","Heavy Blade+1"],"picked":"Singing Bowl","floor":35},{"not_picked":["Disarm","Flex","Dark Embrace","Whirlwind"],"picked":"Singing Bowl","floor":36},{"not_picked":["Clash","Infernal Blade","Cleave+1","Feel No Pain"],"picked":"Singing Bowl","floor":37}],"player_experience":536432,"relics_obtained":[{"floor":6.0,"key":"Shuriken"},{"floor":25.0,"key":"Singing Bowl"},{"floor":26.0,"key":"Question Card"},{"floor":28.0,"key":"Whetstone"},{"floor":34,"key":"Art of War"},{"floor":34,"key":"The Courier"},{"floor":34,"key":"StoneCalendar"}],"event_choices":[{"damage_healed":0.0,"max_hp_gain":0.0,"max_hp_loss":0.0,"gold_gain":275.0,"event_name":"Golden Shrine","player_choice":"Desecrate","floor":4.0,"gold_loss":0.0,"damage_taken":0.0,"cards_obtained":["Regret"]},{"damage_healed":0.0,"max_hp_gain":0.0,"max_hp_loss":0.0,"gold_gain":0.0,"event_name":"The Library","player_choice":"Read","floor":27.0,"gold_loss":0.0,"damage_taken":0.0,"cards_obtained":["Dropkick"]}],"is_beta":false,"boss_relics":[{"not_picked":["Runic Dome","Black Blood"],"picked":"Mark of Pain"},{"not_picked":["Runic Cube","Runic Pyramid"],"picked":"Calling Bell"}],"items_purged_floors":[11,13,31],"is_endless":false,"potions_floor_spawned":[1,2,7,14,16,18,22,25,33,37],"killed_by":"3 Darklings","ascension_level":0}