{"gold_per_floor":[117,130,130,144,66,66,100,120,120,135,135,135,147,129,129,231,231,247,222,255,270,39,39,139,139,164,164,181,191,205,223,223,223],"floor_reached":33,"playtime":2456,"items_purged":[],"score":251,"play_id":"cc4eb901-abe1-4be6-97a3-9aca6c936dd5","local_time":"20200421211423","is_ascension_mode":false,"campfire_choices":[{"data":"Bash","floor":6.0,"key":"SMITH"},{"data":"Uppercut","floor":11.0,"key":"SMITH"},{"floor":15.0,"key":"REST"},{"data":"Seeing Red","floor":25.0,"key":"SMITH"},{"data":"True Grit","floor":27.0,"key":"SMITH"},{"floor":32.0,"key":"REST"}],"neow_cost":"PERCENT_DAMAGE","seed_source_timestamp":4097311284260513,"circlet_count":0,"master_deck":["Strike_R","Strike_R","Defend_R+1","Defend_R+1","Defend_R","Defend_R","Bash+1","Strike_R+1","Metallicize","Uppercut+1","Seeing Red+1","Demon Form","True Grit+1","Pummel+1","Shrug It Off","Ghostly Armor"],"special_seed":0,"relics":["Burning Blood","Bronze Scales","Toy Ornithopter","Runic Cube","Red Mask","Membership Card","Happy Flower","Red Skull"],"potions_floor_usage":[33],"damage_taken":[{"damage":7.0,"enemies":"2 Louse","floor":1.0,"turns":3.0},{"damage":1.0,"enemies":"Cultist","floor":2.0,"turns":4.0},{"damage":0.0,"enemies":"Small Slimes","floor":4.0,"turns":3.0},{"damage":52.0,"enemies":"Lagavulin","floor":7.0,"turns":9.0},{"damage":2.0,"enemies":"Looter","floor":8.0,"turns":4.0},{"damage":4.0,"enemies":"Lots of Slimes","floor":10.0,"turns":5.0},{"damage":11.0,"enemies":"Exordium Wildlife","floor":13.0,"turns":4.0},{"damage":3.0,"enemies":"Exordium Thugs","floor":14.0,"turns":4.0},{"damage":10.0,"enemies":"The Guardian","floor":16.0,"turns":10.0},{"damage":13.0,"enemies":"Chosen","floor":18.0,"turns":7.0},{"damage":48.0,"enemies":"Masked Bandits","floor":20.0,"turns":8.0},{"damage":1.0,"enemies":"3 Byrds","floor":21.0,"turns":4.0},{"damage":10.0,"enemies":"Centurion and Healer","floor":28.0,"turns":10.0},{"damage":30.0,"enemies":"Shelled Parasite and Fungi","floor":29.0,"turns":5.0},{"damage":3.0,"enemies":"Chosen and Byrds","floor":30.0,"turns":5.0},{"damage":6.0,"enemies":"Sentry and Sphere","floor":31.0,"turns":5.0},{"damage":60,"enemies":"Automaton","floor":33,"turns":10}],"seed_played":"768747568420511883","potions_obtained":[{"floor":7.0,"key":"BlessingOfTheForge"},{"floor":10.0,"key":"Strength Potion"},{"floor":13.0,"key":"LiquidMemories"},{"floor":16.0,"key":"FearPotion"},{"floor":20.0,"key":"Fire Potion"},{"floor":21.0,"key":"BlessingOfTheForge"},{"floor":29.0,"key":"Swift Potion"},{"floor":30.0,"key":"SkillPotion"}],"is_trial":false,"path_per_floor":["M","M","?","M","$","R","E","M","T","M","R","?","M","M","R","B",null,"M","$","?","M","$","?","?","R","T","R","M","M","M","M","R","B"],"character_chosen":"IRONCLAD","items_purchased":["Metallicize","True Grit","Membership Card","Happy Flower"],"campfire_rested":2,"item_purchase_floors":[5,19,22,22],"current_hp_per_floor":[55,60,60,66,66,66,20,24,24,31,31,15,15,23,47,43,80,73,73,36,46,46,46,46,46,46,46,42,18,26,31,55,0],"gold":223,"neow_bonus":"REMOVE_TWO","is_prod":false,"is_daily":false,"chose_seed":false,"campfire_upgraded":4,"win_rate":0,"timestamp":1587532463,"path_taken":["M","M","?","M","$","R","E","M","T","?","R","?","M","M","R","BOSS","M","$","?","M","$","?","?","R","T","R","M","?","M","M","R","BOSS"],"build_version":"2020-01-27","purchased_purges":0,"victory":false,"max_hp_per_floor":[80,80,80,80,80,80,80,80,80,80,80,80,80,80,80,80,80,80,80,80,80,80,80,80,80,80,80,80,80,80,80,80,80],"card_choices":[{"not_picked":["Thunderclap","Clash","Intimidate"],"picked":"SKIP","floor":1.0},{"not_picked":["Havoc","Twin Strike","Combust"],"picked":"SKIP","floor":2.0},{"not_picked":["Pommel Strike","Warcry","Clash"],"picked":"SKIP","floor":4.0},{"not_picked":["Rage","Perfected Strike","Headbutt"],"picked":"SKIP","floor":7.0},{"not_picked":["Second Wind","Spot Weakness"],"picked":"Uppercut","floor":8.0},{"not_picked":["Cleave","Thunderclap","Body Slam"],"picked":"SKIP","floor":10.0},{"not_picked":["Dark Embrace","Cleave"],"picked":"Seeing Red","floor":13.0},{"not_picked":["Pommel Strike","Infernal Blade","Intimidate"],"picked":"SKIP","floor":14.0},{"not_picked":["Feed","Reaper"],"picked":"Demon Form","floor":16.0},{"not_picked":["Clash+1","Power Through","Pommel Strike+1"],"picked":"SKIP","floor":18.0},{"not_picked":["True Grit","Clothesline+1"],"picked":"Pummel+1","floor":21.0},{"not_picked":["Combust","Intimidate+1","Perfected Strike"],"picked":"SKIP","floor":28.0},{"not_picked":["Body Slam","Armaments","Blood for Blood"],"picked":"SKIP","floor":29.0},{"not_picked":["Pommel Strike","Flex+1"],"picked":"Shrug It Off","floor":30.0},{"not_picked":["Limit Break","Armaments"],"picked":"Ghostly Armor","floor":31.0}],"player_experience":527374,"relics_obtained":[{"floor":7.0,"key":"Bronze Scales"},{"floor":9.0,"key":"Toy Ornithopter"},{"floor":20.0,"key":"Red Mask"},{"floor":26.0,"key":"Red Skull"}],"event_choices":[{"cards_removed":["Strike_R"],"damage_healed":0.0,"max_hp_gain":0.0,"max_hp_loss":0.0,"gold_gain":0.0,"event_name":"NoteForYourself","player_choice":"Took Card","floor":3.0,"gold_loss":0.0,"damage_taken":0.0,"cards_obtained":["Strike_R"]},{"damage_healed":0.0,"max_hp_gain":0.0,"max_hp_loss":0.0,"gold_gain":0.0,"event_name":"Shining Light","player_choice":"Entered Light","floor":12.0,"gold_loss":0.0,"damage_taken":16.0,"cards_upgraded":["Defend_R","Defend_R"]},{"damage_healed":0.0,"max_hp_gain":0.0,"max_hp_loss":0.0,"gold_gain":0.0,"event_name":"Masked Bandits","player_choice":"Fought Bandits","floor":20.0,"gold_loss":0.0,"damage_taken":0.0},{"damage_healed":0.0,"max_hp_gain":0.0,"max_hp_loss":0.0,"gold_gain":0.0,"event_name":"Vampires","player_choice":"Ignored","floor":23.0,"gold_loss":0.0,"damage_taken":0.0},{"damage_healed":0.0,"max_hp_gain":0.0,"max_hp_loss":0.0,"gold_gain":100.0,"event_name":"Golden Shrine","player_choice":"Pray","floor":24.0,"gold_loss":0.0,"damage_taken":0.0}],"is_beta":false,"boss_relics":[{"not_picked":["Coffee Dripper","Runic Dome"],"picked":"Runic Cube"}],"items_purged_floors":[],"is_endless":false,"potions_floor_spawned":[7,10,13,16,20,21,29,30],"killed_by":"Automaton","ascension_level":0}