{"gold_per_floor":[111,121,221,238,250,275,275,294,294,294,306,323,323,347,347,450,450,464,464,151,163,163,181,181,181,228,238,88,88,104,120,120,221,221,237,237,257,277,292,292,318,329,329,329,329,329,76,92,92,92,92,92,47,72,72],"floor_reached":55,"playtime":4511,"items_purged":["Defend_R","Writhe"],"score":678,"play_id":"2c327e3f-f037-4e04-a878-2558a75ea68d","local_time":"20200417222308","is_ascension_mode":false,"campfire_choices":[{"floor":7.0,"key":"REST"},{"data":"Barricade","floor":10.0,"key":"SMITH"},{"data":"Bash","floor":15.0,"key":"SMITH"},{"data":"Berserk","floor":24.0,"key":"SMITH"},{"data":"Demon Form","floor":29.0,"key":"SMITH"},{"data":"Disarm","floor":32.0,"key":"SMITH"},{"floor":40.0,"key":"RECALL"},{"data":"Metallicize","floor":44.0,"key":"SMITH"},{"data":"Infernal Blade","floor":49.0,"key":"SMITH"},{"data":"Flame Barrier","floor":52.0,"key":"SMITH"}],"neow_cost":"NONE","seed_source_timestamp":3753799206275282,"circlet_count":0,"master_deck":["Strike_R","Strike_R","Strike_R","Strike_R","Strike_R","Defend_R","Defend_R","Defend_R","Bash+1","Infernal Blade+1","Disarm+1","Perfected Strike+1","Barricade+1","Berserk+1","Iron Wave+1","Necronomicurse","Reaper+1","Metallicize+1","Dropkick+1","True Grit+1","Demon Form+1","Flame Barrier+1","Shrug It Off","Second Wind","Limit Break+1","Shrug It Off+1","Heavy Blade+1","Clothesline+1"],"special_seed":0,"relics":["Black Blood","Bag of Preparation","Molten Egg 2","Gremlin Horn","Necronomicon","Lantern","Orrery","Velvet Choker","Frozen Egg 2","Ornamental Fan","Bottled Flame"],"potions_floor_usage":[],"damage_taken":[{"damage":8.0,"enemies":"Small Slimes","floor":1.0,"turns":4.0},{"damage":0.0,"enemies":"Cultist","floor":2.0,"turns":2.0},{"damage":11.0,"enemies":"Jaw Worm","floor":4.0,"turns":3.0},{"damage":21.0,"enemies":"3 Louse","floor":5.0,"turns":4.0},{"damage":48.0,"enemies":"3 Sentries","floor":6.0,"turns":14.0},{"damage":12.0,"enemies":"Blue Slaver","floor":8.0,"turns":2.0},{"damage":18.0,"enemies":"Looter","floor":11.0,"turns":4.0},{"damage":4.0,"enemies":"Large Slime","floor":12.0,"turns":5.0},{"damage":49.0,"enemies":"The Guardian","floor":16.0,"turns":11.0},{"damage":50.0,"enemies":"Spheric Guardian","floor":18.0,"turns":5.0},{"damage":22.0,"enemies":"3 Byrds","floor":21.0,"turns":6.0},{"damage":14.0,"enemies":"Sentry and Sphere","floor":23.0,"turns":4.0},{"damage":28.0,"enemies":"Snake Plant","floor":27.0,"turns":5.0},{"damage":20.0,"enemies":"Shelled Parasite and Fungi","floor":30.0,"turns":5.0},{"damage":12.0,"enemies":"Chosen and Byrds","floor":31.0,"turns":7.0},{"damage":91.0,"enemies":"Champ","floor":33.0,"turns":8.0},{"damage":5.0,"enemies":"3 Shapes","floor":35.0,"turns":5.0},{"damage":0.0,"enemies":"Orb Walker","floor":37.0,"turns":3.0},{"damage":16.0,"enemies":"Jaw Worm Horde","floor":38.0,"turns":7.0},{"damage":13.0,"enemies":"Spire Growth","floor":39.0,"turns":5.0},{"damage":66.0,"enemies":"Reptomancer","floor":41.0,"turns":7.0},{"damage":32.0,"enemies":"Transient","floor":42.0,"turns":5.0},{"damage":26.0,"enemies":"3 Darklings","floor":48.0,"turns":5.0},{"damage":60.0,"enemies":"Time Eater","floor":50.0,"turns":6.0},{"damage":76.0,"enemies":"Shield and Spear","floor":54.0,"turns":6.0},{"damage":58,"enemies":"The Heart","floor":55,"turns":2}],"seed_played":"-5728607434394557","potions_obtained":[{"floor":2.0,"key":"SkillPotion"},{"floor":8.0,"key":"BlessingOfTheForge"},{"floor":11.0,"key":"Dexterity Potion"},{"floor":27.0,"key":"SteroidPotion"},{"floor":30.0,"key":"ColorlessPotion"},{"floor":35.0,"key":"Swift Potion"},{"floor":38.0,"key":"FearPotion"},{"floor":39.0,"key":"ColorlessPotion"},{"floor":48.0,"key":"Explosive Potion"}],"is_trial":false,"path_per_floor":["M","M","?","M","M","E","R","M","T","R","M","M","?","T","R","B",null,"M","?","$","M","?","M","R","?","T","M","$","R","M","M","R","B",null,"M","?","M","M","M","R","E","M","T","R","?","?","$","M","R","B",null,"R","$","E","B"],"character_chosen":"IRONCLAD","items_purchased":["Reaper+1","CultistPotion","Orrery","BlessingOfTheForge","CultistPotion","Clothesline+1"],"campfire_rested":1,"item_purchase_floors":[20,20,28,47,47,53],"current_hp_per_floor":[78,80,80,75,60,18,42,36,36,36,24,26,52,52,52,9,80,42,26,26,30,30,39,39,65,65,56,56,56,48,58,58,21,80,80,80,80,80,79,79,37,31,31,31,51,51,51,66,66,18,80,80,80,26,0],"gold":72,"neow_bonus":"RANDOM_COMMON_RELIC","is_prod":false,"is_daily":false,"chose_seed":false,"campfire_upgraded":8,"win_rate":0,"timestamp":1587190988,"path_taken":["M","M","?","?","M","E","R","M","T","R","M","M","?","?","R","BOSS","M","?","$","M","?","M","R","?","T","M","?","R","M","M","R","BOSS","M","?","M","M","?","R","E","M","T","R","?","?","$","M","R","BOSS","R","$","E","BOSS"],"build_version":"2020-01-27","purchased_purges":2,"victory":false,"max_hp_per_floor":[80,80,80,80,80,80,80,80,80,80,80,80,80,80,80,80,80,80,80,80,80,80,80,80,80,80,80,80,80,80,80,80,80,80,80,80,80,80,80,80,80,80,80,80,80,80,80,80,80,80,80,80,80,80,80],"card_choices":[{"not_picked":["True Grit","Clothesline"],"picked":"Infernal Blade","floor":1.0},{"not_picked":["Cleave","Pommel Strike"],"picked":"Disarm","floor":2.0},{"not_picked":["Headbutt","Feel No Pain","Sentinel"],"picked":"SKIP","floor":4.0},{"not_picked":["Thunderclap","Armaments","Body Slam"],"picked":"SKIP","floor":5.0},{"not_picked":["Thunderclap","Armaments","Body Slam"],"picked":"SKIP","floor":5.0},{"not_picked":["Twin Strike+1","True Grit"],"picked":"Perfected Strike+1","floor":6.0},{"not_picked":["Perfected Strike+1","Twin Strike+1"],"picked":"Barricade","floor":8.0},{"not_picked":["Dark Embrace","Clash+1","True Grit"],"picked":"SKIP","floor":11.0},{"not_picked":["Flex","Body Slam+1","Shrug It Off"],"picked":"SKIP","floor":12.0},{"not_picked":["Bludgeon+1","Barricade"],"picked":"Berserk","floor":16.0},{"not_picked":["Warcry","Power Through"],"picked":"Iron Wave+1","floor":18.0},{"not_picked":["Bloodletting","Power Through"],"picked":"Metallicize","floor":21.0},{"not_picked":["Twin Strike+1","Pummel+1"],"picked":"Dropkick+1","floor":23.0},{"not_picked":["Body Slam+1","Reaper+1"],"picked":"True Grit+1","floor":27.0},{"not_picked":["Anger+1","True Grit"],"picked":"Demon Form","floor":28.0},{"not_picked":["Wild Strike+1","Uppercut+1"],"picked":"Flame Barrier","floor":28.0},{"not_picked":["Anger+1","Feed+1"],"picked":"Shrug It Off","floor":28.0},{"not_picked":["Headbutt+1","Sentinel","Twin Strike+1"],"picked":"SKIP","floor":30.0},{"not_picked":["Perfected Strike+1","Rupture"],"picked":"Second Wind","floor":31.0},{"not_picked":["Bludgeon+1","Offering"],"picked":"Limit Break","floor":33.0},{"not_picked":["Sword Boomerang+1","Headbutt+1","Flex+1"],"picked":"SKIP","floor":35.0},{"not_picked":["Flex","Burning Pact","Corruption"],"picked":"SKIP","floor":37.0},{"not_picked":["Bloodletting","Intimidate"],"picked":"Shrug It Off+1","floor":38.0},{"not_picked":["Shrug It Off","Infernal Blade+1","Clash+1"],"picked":"SKIP","floor":39.0},{"not_picked":["Battle Trance+1","Flex+1","Body Slam+1"],"picked":"SKIP","floor":41.0},{"not_picked":["Clothesline+1","Headbutt+1"],"picked":"Heavy Blade+1","floor":42.0},{"not_picked":["Infernal Blade+1","Reckless Charge+1","Fire Breathing+1"],"picked":"SKIP","floor":48.0},{"not_picked":["Shrug It Off","Headbutt+1","Thunderclap+1"],"picked":"SKIP","floor":54.0}],"player_experience":499219,"relics_obtained":[{"floor":6.0,"key":"Molten Egg 2"},{"floor":9.0,"key":"Gremlin Horn"},{"floor":19.0,"key":"Necronomicon"},{"floor":26.0,"key":"Lantern"},{"floor":41.0,"key":"Frozen Egg 2"},{"floor":43.0,"key":"Ornamental Fan"},{"floor":54.0,"key":"Bottled Flame"}],"event_choices":[{"damage_healed":0.0,"max_hp_gain":0.0,"max_hp_loss":0.0,"gold_gain":100.0,"event_name":"Golden Shrine","player_choice":"Pray","floor":3.0,"gold_loss":0.0,"damage_taken":0.0},{"damage_healed":26.0,"max_hp_gain":0.0,"max_hp_loss":0.0,"gold_gain":0.0,"event_name":"Big Fish","player_choice":"Banana","floor":13.0,"gold_loss":0.0,"damage_taken":0.0},{"damage_healed":0.0,"max_hp_gain":0.0,"max_hp_loss":0.0,"gold_gain":0.0,"event_name":"Cursed Tome","player_choice":"Obtained Book","floor":19.0,"gold_loss":0.0,"damage_taken":16.0},{"damage_healed":0.0,"max_hp_gain":0.0,"max_hp_loss":0.0,"gold_gain":0.0,"event_name":"Ghosts","player_choice":"Ignored","floor":22.0,"gold_loss":0.0,"damage_taken":0.0},{"damage_healed":26.0,"max_hp_gain":0.0,"max_hp_loss":0.0,"gold_gain":0.0,"event_name":"The Library","player_choice":"Heal","floor":25.0,"gold_loss":0.0,"damage_taken":0.0},{"damage_healed":0.0,"max_hp_gain":0.0,"max_hp_loss":0.0,"gold_gain":0.0,"event_name":"Accursed Blacksmith","player_choice":"Forge","floor":36.0,"gold_loss":0.0,"damage_taken":0.0,"cards_upgraded":["Limit Break"]},{"damage_healed":20.0,"max_hp_gain":0.0,"max_hp_loss":0.0,"gold_gain":0.0,"event_name":"Winding Halls","player_choice":"Writhe","floor":45.0,"gold_loss":0.0,"damage_taken":0.0,"cards_obtained":["Writhe"]},{"damage_healed":0.0,"max_hp_gain":0.0,"max_hp_loss":0.0,"gold_gain":0.0,"event_name":"Mysterious Sphere","player_choice":"Ignored","floor":46.0,"gold_loss":0.0,"damage_taken":0.0}],"is_beta":false,"boss_relics":[{"not_picked":["Black Star","Mark of Pain"],"picked":"Black Blood"},{"not_picked":["Fusion Hammer","Calling Bell"],"picked":"Velvet Choker"}],"items_purged_floors":[20,47],"is_endless":false,"potions_floor_spawned":[2,8,11,27,30,35,38,39,48],"killed_by":"The Heart","ascension_level":0}