{"gold_per_floor":[112,128,147,32,32,65,83,117,117,87,87,106,106,71,71,71],"floor_reached":16,"playtime":1044,"items_purged":["Flex"],"score":110,"play_id":"49cc75ac-c5bc-42f0-9d0e-8e398047e7ee","local_time":"20200420203355","is_ascension_mode":false,"campfire_choices":[{"floor":13,"key":"REST"},{"data":"Bash","floor":15,"key":"SMITH"}],"neow_cost":"NONE","seed_source_timestamp":4010764360978051,"circlet_count":0,"master_deck":["Strike_R","Strike_R","Strike_R","Strike_R","Defend_R","Defend_R","Defend_R","Defend_R","Bash+1","Seeing Red","Entrench","Inflame","Metallicize"],"relics":["Burning Blood","Oddly Smooth Stone","PreservedInsect","Ornamental Fan"],"potions_floor_usage":[6,6,6,7,8,10],"damage_taken":[{"damage":0,"enemies":"Cultist","floor":1,"turns":2},{"damage":5,"enemies":"2 Louse","floor":2,"turns":3},{"damage":17,"enemies":"Small Slimes","floor":3,"turns":5},{"damage":52,"enemies":"3 Sentries","floor":6,"turns":12},{"damage":7,"enemies":"Blue Slaver","floor":7,"turns":4},{"damage":20,"enemies":"Gremlin Nob","floor":8,"turns":4},{"damage":4,"enemies":"Looter","floor":10,"turns":4},{"damage":5,"enemies":"3 Louse","floor":12,"turns":5},{"damage":54,"enemies":"Hexaghost","floor":16,"turns":11}],"seed_played":"40167719332670758","potions_obtained":[{"floor":3,"key":"Swift Potion"},{"floor":5,"key":"SteroidPotion"},{"floor":5,"key":"LiquidBronze"},{"floor":6,"key":"DuplicationPotion"},{"floor":7,"key":"GamblersBrew"},{"floor":8,"key":"PowerPotion"}],"is_trial":false,"path_per_floor":["M","M","M","$","?","E","M","E","T","M","?","M","R","?","R","B"],"character_chosen":"IRONCLAD","items_purchased":["Inflame"],"campfire_rested":1,"item_purchase_floors":[4],"current_hp_per_floor":[80,80,69,69,69,23,22,8,8,10,7,8,32,52,52,0],"gold":71,"neow_bonus":"TRANSFORM_CARD","is_prod":false,"is_daily":false,"chose_seed":false,"campfire_upgraded":1,"win_rate":0,"timestamp":1587443635,"path_taken":["M","M","?","$","?","E","M","E","T","?","?","M","R","?","R","BOSS"],"build_version":"2020-01-27","purchased_purges":1,"victory":false,"max_hp_per_floor":[80,80,80,80,80,80,80,80,80,80,80,80,80,80,80,80],"card_choices":[{"not_picked":["Clothesline","Body Slam","Sword Boomerang"],"picked":"SKIP","floor":1},{"not_picked":["Evolve","Armaments"],"picked":"Seeing Red","floor":2},{"not_picked":["Second Wind","Power Through"],"picked":"Entrench","floor":3},{"not_picked":["Bloodletting","Pommel Strike","Battle Trance"],"picked":"SKIP","floor":6},{"not_picked":["Anger","Searing Blow","Armaments"],"picked":"SKIP","floor":7},{"not_picked":["Anger","Pommel Strike","Feel No Pain"],"picked":"SKIP","floor":8},{"not_picked":["Rupture","Dropkick","Havoc"],"picked":"SKIP","floor":10},{"not_picked":["Shrug It Off","Limit Break"],"picked":"Metallicize","floor":12}],"player_experience":513987,"relics_obtained":[{"floor":6,"key":"Oddly Smooth Stone"},{"floor":8,"key":"PreservedInsect"}],"event_choices":[{"damage_healed":0,"gold_gain":0,"player_choice":"Got Potions","damage_taken":0,"max_hp_gain":0,"max_hp_loss":0,"event_name":"Lab","floor":5,"gold_loss":0},{"damage_healed":0,"gold_gain":0,"player_choice":"Success","damage_taken":3,"relics_obtained":["Ornamental Fan"],"max_hp_gain":0,"max_hp_loss":0,"event_name":"Scrap Ooze","floor":11,"gold_loss":0},{"damage_healed":20,"gold_gain":0,"player_choice":"Healed","damage_taken":0,"max_hp_gain":0,"max_hp_loss":0,"event_name":"The Cleric","floor":14,"gold_loss":35}],"is_beta":false,"boss_relics":[],"items_purged_floors":[4],"is_endless":false,"potions_floor_spawned":[3,6,7,8],"killed_by":"Hexaghost","ascension_level":0}