{"gold_per_floor":[109,109,123,133,150,150,176,176,176,191,191,221,65,84,84,186,186,199,124,134,153,167,167,199,199,271,271,69,84,102,113,113,217,217,236,236,84,95,0,0,30,30,30,64,76,30,41,51,51,51,51,51,2,31,31],"floor_reached":55,"playtime":8871,"items_purged":["Strike_R","Strike_R"],"score":761,"play_id":"9494a01a-b96a-4b82-8d5b-05b3f64dbb8c","local_time":"20200420233841","is_ascension_mode":false,"campfire_choices":[{"data":"Fiend Fire","floor":6.0,"key":"SMITH"},{"data":"Battle Trance","floor":8.0,"key":"SMITH"},{"data":"Bash","floor":11.0,"key":"SMITH"},{"data":"Uppercut","floor":15.0,"key":"SMITH"},{"data":"Juggernaut","floor":23.0,"key":"SMITH"},{"data":"Demon Form","floor":32.0,"key":"SMITH"},{"data":"Barricade","floor":40.0,"key":"SMITH"},{"floor":42.0,"key":"REST"},{"floor":49.0,"key":"RECALL"},{"data":"Flame Barrier","floor":52.0,"key":"SMITH"}],"neow_cost":"NONE","seed_source_timestamp":0,"circlet_count":0,"master_deck":["Strike_R","Strike_R+1","Defend_R","Defend_R","Defend_R","Defend_R","Bash+1","Bash+1","Fiend Fire+1","Battle Trance+1","Flame Barrier+1","Reaper","Uppercut+1","Ghostly Armor","Juggernaut+1","CurseOfTheBell","Demon Form+1","Barricade+1","Heavy Blade+1","Iron Wave+1","Parasite","Shockwave+1","Battle Trance+1"],"special_seed":0,"relics":["Burning Blood","Singing Bowl","Self Forming Clay","Vajra","Calling Bell","Happy Flower","Mercury Hourglass","CaptainsWheel","Whetstone","Nilry\u0027s Codex","Molten Egg 2","Mark of Pain","Anchor","Red Mask","Pen Nib","Champion Belt","Eternal Feather","Blue Candle"],"potions_floor_usage":[],"damage_taken":[{"damage":0.0,"enemies":"Small Slimes","floor":1.0,"turns":3.0},{"damage":1.0,"enemies":"Cultist","floor":3.0,"turns":3.0},{"damage":7.0,"enemies":"2 Louse","floor":4.0,"turns":2.0},{"damage":6.0,"enemies":"Blue Slaver","floor":5.0,"turns":4.0},{"damage":14.0,"enemies":"Gremlin Nob","floor":7.0,"turns":3.0},{"damage":19.0,"enemies":"3 Louse","floor":10.0,"turns":5.0},{"damage":45.0,"enemies":"3 Sentries","floor":12.0,"turns":9.0},{"damage":0.0,"enemies":"Looter","floor":14.0,"turns":1.0},{"damage":27.0,"enemies":"The Guardian","floor":16.0,"turns":14.0},{"damage":24.0,"enemies":"2 Thieves","floor":18.0,"turns":4.0},{"damage":0.0,"enemies":"Spheric Guardian","floor":20.0,"turns":5.0},{"damage":12.0,"enemies":"Cultist and Chosen","floor":21.0,"turns":6.0},{"damage":0.0,"enemies":"Snecko","floor":22.0,"turns":2.0},{"damage":38.0,"enemies":"Slavers","floor":24.0,"turns":7.0},{"damage":8.0,"enemies":"Centurion and Healer","floor":29.0,"turns":6.0},{"damage":8.0,"enemies":"Shelled Parasite and Fungi","floor":30.0,"turns":6.0},{"damage":6.0,"enemies":"Snecko","floor":31.0,"turns":4.0},{"damage":34.0,"enemies":"Champ","floor":33.0,"turns":8.0},{"damage":30.0,"enemies":"3 Darklings","floor":35.0,"turns":6.0},{"damage":25.0,"enemies":"3 Shapes","floor":38.0,"turns":5.0},{"damage":70.0,"enemies":"Reptomancer","floor":41.0,"turns":8.0},{"damage":40.0,"enemies":"Nemesis","floor":44.0,"turns":9.0},{"damage":33.0,"enemies":"Jaw Worm Horde","floor":45.0,"turns":5.0},{"damage":0.0,"enemies":"Writhing Mass","floor":47.0,"turns":5.0},{"damage":41.0,"enemies":"3 Darklings","floor":48.0,"turns":6.0},{"damage":56.0,"enemies":"Awakened One","floor":50.0,"turns":10.0},{"damage":76.0,"enemies":"Shield and Spear","floor":54.0,"turns":8.0},{"damage":39,"enemies":"The Heart","floor":55,"turns":6}],"seed_played":"2884623066364283209","potions_obtained":[{"floor":3.0,"key":"BlessingOfTheForge"},{"floor":10.0,"key":"Swift Potion"},{"floor":16.0,"key":"EssenceOfSteel"},{"floor":18.0,"key":"FearPotion"},{"floor":29.0,"key":"Fire Potion"},{"floor":30.0,"key":"Weak Potion"},{"floor":38.0,"key":"Ancient Potion"},{"floor":41.0,"key":"Regen Potion"},{"floor":48.0,"key":"GamblersBrew"}],"is_trial":false,"path_per_floor":["M","?","M","M","M","R","E","R","T","M","R","E","$","M","R","B",null,"M","$","M","M","M","R","E","?","T","?","$","M","M","M","R","B",null,"M","?","$","M","?","R","E","R","T","E","M","$","M","M","R","B",null,"R","$","E","B"],"character_chosen":"IRONCLAD","items_purchased":["Vajra","Block Potion","Swift Potion","Anchor","Iron Wave+1","Dexterity Potion"],"campfire_rested":1,"item_purchase_floors":[13,28,28,37,46,53],"current_hp_per_floor":[80,80,80,79,79,79,73,73,73,60,60,33,33,39,39,23,82,76,76,84,87,90,90,58,42,42,24,24,36,36,40,40,18,99,92,92,92,87,87,87,33,63,63,53,39,39,47,29,41,21,109,109,109,39,0],"gold":31,"neow_bonus":"REMOVE_CARD","is_prod":false,"is_daily":false,"chose_seed":false,"campfire_upgraded":8,"win_rate":0,"timestamp":1587454721,"path_taken":["M","?","?","M","M","R","E","R","T","M","R","E","$","M","R","BOSS","M","$","M","M","M","R","E","?","T","?","$","M","M","M","R","BOSS","M","?","$","M","?","R","E","R","T","E","M","$","M","M","R","BOSS","R","$","E","BOSS"],"build_version":"2020-01-27","purchased_purges":2,"victory":false,"max_hp_per_floor":[80,80,80,80,80,80,82,82,82,82,82,82,82,82,82,82,82,84,84,86,88,90,90,90,90,90,95,95,97,99,99,99,99,99,101,101,101,103,103,103,103,103,103,105,107,107,109,109,109,109,109,109,109,109,109],"card_choices":[{"not_picked":["Body Slam","Second Wind","Cleave"],"picked":"SKIP","floor":1.0},{"not_picked":["Body Slam","Thunderclap","Warcry"],"picked":"SKIP","floor":3.0},{"not_picked":["Spot Weakness","Anger"],"picked":"Battle Trance","floor":4.0},{"not_picked":["Cleave","Anger"],"picked":"Flame Barrier","floor":5.0},{"not_picked":["Clothesline","Pommel Strike","Clash"],"picked":"Singing Bowl","floor":7.0},{"not_picked":["Clash","Armaments"],"picked":"Reaper","floor":10.0},{"not_picked":["Spot Weakness","Armaments"],"picked":"Uppercut","floor":12.0},{"not_picked":["Clash","Armaments"],"picked":"Ghostly Armor","floor":14.0},{"not_picked":["Bludgeon","Double Tap"],"picked":"Juggernaut","floor":16.0},{"not_picked":["Clothesline","Shrug It Off","Fire Breathing+1"],"picked":"Singing Bowl","floor":18.0},{"not_picked":["Heavy Blade+1","Clash","Dropkick+1"],"picked":"Singing Bowl","floor":20.0},{"not_picked":["Brutality","Twin Strike+1","Dropkick"],"picked":"Singing Bowl","floor":21.0},{"not_picked":["Anger","Wild Strike+1","Carnage+1"],"picked":"Singing Bowl","floor":22.0},{"not_picked":["Sword Boomerang+1","Whirlwind"],"picked":"Rampage","floor":24.0},{"not_picked":["Heavy Blade+1","Evolve","Flex"],"picked":"Singing Bowl","floor":29.0},{"not_picked":["True Grit+1","Havoc+1","Pommel Strike+1"],"picked":"Singing Bowl","floor":30.0},{"not_picked":["Body Slam+1","Bloodletting"],"picked":"Demon Form","floor":31.0},{"not_picked":["Immolate+1","Juggernaut"],"picked":"Barricade","floor":33.0},{"not_picked":["Twin Strike+1","Combust","Cleave+1"],"picked":"Singing Bowl","floor":35.0},{"not_picked":["Twin Strike+1","Rage+1","Cleave+1"],"picked":"Singing Bowl","floor":38.0},{"not_picked":["Pommel Strike+1","Wild Strike+1"],"picked":"Heavy Blade+1","floor":41.0},{"not_picked":["Entrench+1","Anger+1","Headbutt+1"],"picked":"Singing Bowl","floor":44.0},{"not_picked":["Armaments+1","Sentinel","Heavy Blade+1"],"picked":"Singing Bowl","floor":45.0},{"not_picked":["Iron Wave+1","Warcry+1","Body Slam+1"],"picked":"Singing Bowl","floor":47.0},{"not_picked":["Body Slam+1","Heavy Blade+1"],"picked":"Shockwave+1","floor":48.0},{"not_picked":["Heavy Blade+1","Pummel+1"],"picked":"Battle Trance+1","floor":54.0}],"player_experience":515031,"relics_obtained":[{"floor":7.0,"key":"Singing Bowl"},{"floor":12.0,"key":"Self Forming Clay"},{"floor":17.0,"key":"Happy Flower"},{"floor":17.0,"key":"Mercury Hourglass"},{"floor":17.0,"key":"CaptainsWheel"},{"floor":24.0,"key":"Whetstone"},{"floor":25.0,"key":"Nilry\u0027s Codex"},{"floor":26.0,"key":"Molten Egg 2"},{"floor":41.0,"key":"Pen Nib"},{"floor":43.0,"key":"Champion Belt"},{"floor":44.0,"key":"Eternal Feather"},{"floor":54.0,"key":"Blue Candle"}],"event_choices":[{"damage_healed":0.0,"max_hp_gain":0.0,"max_hp_loss":0.0,"gold_gain":0.0,"event_name":"Match and Keep!","player_choice":"2 cards matched","floor":2.0,"gold_loss":0.0,"damage_taken":0.0,"cards_obtained":["Bash","Fiend Fire"]},{"damage_healed":0.0,"max_hp_gain":0.0,"max_hp_loss":0.0,"gold_gain":0.0,"event_name":"Cursed Tome","player_choice":"Obtained Book","floor":25.0,"gold_loss":0.0,"damage_taken":16.0},{"damage_healed":0.0,"max_hp_gain":5.0,"max_hp_loss":0.0,"gold_gain":0.0,"event_name":"Forgotten Altar","player_choice":"Shed Blood","floor":27.0,"gold_loss":0.0,"damage_taken":23.0},{"cards_removed":["Rampage"],"damage_healed":0.0,"max_hp_gain":0.0,"max_hp_loss":0.0,"gold_gain":0.0,"event_name":"Falling","player_choice":"Removed Attack","floor":36.0,"gold_loss":0.0,"damage_taken":0.0},{"damage_healed":0.0,"max_hp_gain":0.0,"max_hp_loss":0.0,"gold_gain":0.0,"event_name":"Tomb of Lord Red Mask","player_choice":"Paid","floor":39.0,"gold_loss":95.0,"damage_taken":0.0,"relics_obtained":["Red Mask"]}],"is_beta":false,"boss_relics":[{"not_picked":["Snecko Eye","Philosopher\u0027s Stone"],"picked":"Calling Bell"},{"not_picked":["Black Star","Coffee Dripper"],"picked":"Mark of Pain"}],"items_purged_floors":[19,28],"is_endless":false,"potions_floor_spawned":[3,10,16,18,29,30,31,38,41,48],"killed_by":"The Heart","ascension_level":0}