{"gold_per_floor":[114,64,84,84,101,130,150,150,174,174,174,174,193,203,203,203],"floor_reached":16,"playtime":1182,"items_purged":[],"score":102,"play_id":"76455ad8-9c61-4583-9392-17348016d525","local_time":"20200422225151","is_ascension_mode":false,"campfire_choices":[{"floor":11.0,"key":"REST"},{"data":"Entrench","floor":15.0,"key":"SMITH"}],"neow_cost":"NONE","seed_source_timestamp":4191579519126974,"circlet_count":0,"master_deck":["Strike_R","Strike_R","Strike_R","Defend_R","Defend_R","Defend_R","Defend_R","Bash+1","Entrench+1","True Grit+1","Berserk"],"special_seed":0,"relics":["Burning Blood","Orichalcum","Strawberry"],"potions_floor_usage":[16,16],"damage_taken":[{"damage":3.0,"enemies":"Jaw Worm","floor":1.0,"turns":4.0},{"damage":5.0,"enemies":"Small Slimes","floor":3.0,"turns":3.0},{"damage":2.0,"enemies":"2 Louse","floor":5.0,"turns":4.0},{"damage":50.0,"enemies":"Lagavulin","floor":6.0,"turns":13.0},{"damage":16.0,"enemies":"Blue Slaver","floor":7.0,"turns":6.0},{"damage":19.0,"enemies":"Exordium Thugs","floor":13.0,"turns":7.0},{"damage":0.0,"enemies":"Large Slime","floor":14.0,"turns":5.0},{"damage":44,"enemies":"The Guardian","floor":16,"turns":12}],"seed_played":"5939103573299183542","potions_obtained":[{"floor":3.0,"key":"EntropicBrew"},{"floor":6.0,"key":"Strength Potion"},{"floor":14.0,"key":"PowerPotion"}],"is_trial":false,"path_per_floor":["M","?","M","$","M","E","M","?","T","?","R","?","M","M","R","B"],"character_chosen":"IRONCLAD","items_purchased":[],"campfire_rested":1,"item_purchase_floors":[],"current_hp_per_floor":[80,80,80,80,80,36,26,10,17,17,43,48,35,41,41,0],"gold":203,"neow_bonus":"TRANSFORM_CARD","is_prod":false,"is_daily":false,"chose_seed":false,"campfire_upgraded":1,"win_rate":0,"timestamp":1587624711,"path_taken":["M","?","M","$","M","E","M","?","T","?","R","?","M","M","R","BOSS"],"build_version":"2020-01-27","purchased_purges":0,"victory":false,"max_hp_per_floor":[80,80,80,80,80,80,80,80,87,87,87,92,92,92,92,92],"card_choices":[{"not_picked":["Cleave","Thunderclap","Anger"],"picked":"SKIP","floor":1.0},{"not_picked":["Perfected Strike","True Grit","Power Through"],"picked":"SKIP","floor":3.0},{"not_picked":["Headbutt","Perfected Strike","Evolve"],"picked":"SKIP","floor":5.0},{"not_picked":["Havoc","Shrug It Off"],"picked":"True Grit","floor":6.0},{"not_picked":["Evolve","Perfected Strike","Wild Strike"],"picked":"SKIP","floor":7.0},{"not_picked":["Shrug It Off","Sword Boomerang","Rage"],"picked":"SKIP","floor":13.0},{"not_picked":["Perfected Strike","Sword Boomerang"],"picked":"Berserk","floor":14.0}],"player_experience":530774,"relics_obtained":[{"floor":6.0,"key":"Orichalcum"},{"floor":9.0,"key":"Strawberry"}],"event_choices":[{"cards_removed":["Strike_R"],"damage_healed":0.0,"max_hp_gain":0.0,"max_hp_loss":0.0,"gold_gain":0.0,"event_name":"The Cleric","player_choice":"Card Removal","floor":2.0,"gold_loss":50.0,"damage_taken":0.0},{"damage_healed":0.0,"max_hp_gain":0.0,"max_hp_loss":0.0,"gold_gain":0.0,"event_name":"Shining Light","player_choice":"Entered Light","floor":8.0,"gold_loss":0.0,"damage_taken":16.0,"cards_upgraded":["Bash","True Grit"]},{"damage_healed":0.0,"max_hp_gain":0.0,"max_hp_loss":0.0,"gold_gain":0.0,"event_name":"Liars Game","player_choice":"Ignored","floor":10.0,"gold_loss":0.0,"damage_taken":0.0},{"damage_healed":0.0,"max_hp_gain":5.0,"max_hp_loss":0.0,"gold_gain":0.0,"event_name":"Big Fish","player_choice":"Donut","floor":12.0,"gold_loss":0.0,"damage_taken":0.0}],"is_beta":false,"boss_relics":[],"items_purged_floors":[],"is_endless":false,"potions_floor_spawned":[3,6,14],"killed_by":"The Guardian","ascension_level":0}