{"gold_per_floor":[11,27,42,57,77,77,89,115,165,56,56,76,76,94,94,191,191,208,208,197,212,223,223,223,223,223,223,223,0,30,43,43,43],"floor_reached":33,"playtime":2213,"items_purged":["Defend_R"],"score":296,"play_id":"9ce636c7-431b-4993-8b86-41bb00414686","local_time":"20200425204648","is_ascension_mode":false,"campfire_choices":[{"data":"Bash","floor":6.0,"key":"SMITH"},{"data":"Inflame","floor":11.0,"key":"SMITH"},{"floor":15.0,"key":"REST"},{"data":"Blood for Blood","floor":23.0,"key":"SMITH"},{"floor":28.0,"key":"REST"},{"data":"Corruption","floor":32.0,"key":"SMITH"}],"neow_cost":"NO_GOLD","seed_source_timestamp":4441932849527795,"circlet_count":0,"master_deck":["Strike_R+1","Strike_R+1","Strike_R+1","Defend_R+1","Defend_R+1","Defend_R+1","Bash+1","Inflame+1","Shrug It Off","Blood for Blood+1","Searing Blow","Flame Barrier","Corruption+1","Seeing Red","RitualDagger","Impervious","Intimidate","Shockwave+1"],"special_seed":0,"relics":["Burning Blood","Singing Bowl","Bag of Preparation","SacredBark","InkBottle","MutagenicStrength","Blood Vial","Unceasing Top"],"potions_floor_usage":[33],"damage_taken":[{"damage":5.0,"enemies":"Cultist","floor":1.0,"turns":4.0},{"damage":9.0,"enemies":"2 Louse","floor":2.0,"turns":3.0},{"damage":6.0,"enemies":"Jaw Worm","floor":3.0,"turns":5.0},{"damage":13.0,"enemies":"Large Slime","floor":4.0,"turns":8.0},{"damage":9.0,"enemies":"3 Louse","floor":5.0,"turns":4.0},{"damage":13.0,"enemies":"Exordium Wildlife","floor":7.0,"turns":6.0},{"damage":20.0,"enemies":"Gremlin Nob","floor":8.0,"turns":4.0},{"damage":8.0,"enemies":"Blue Slaver","floor":12.0,"turns":5.0},{"damage":8.0,"enemies":"2 Fungi Beasts","floor":14.0,"turns":4.0},{"damage":29.0,"enemies":"Hexaghost","floor":16.0,"turns":10.0},{"damage":1.0,"enemies":"Chosen","floor":18.0,"turns":5.0},{"damage":15.0,"enemies":"2 Thieves","floor":20.0,"turns":4.0},{"damage":12.0,"enemies":"Snake Plant","floor":21.0,"turns":5.0},{"damage":22.0,"enemies":"Centurion and Healer","floor":22.0,"turns":5.0},{"damage":31.0,"enemies":"Book of Stabbing","floor":30.0,"turns":6.0},{"damage":5.0,"enemies":"3 Cultists","floor":31.0,"turns":7.0},{"damage":50,"enemies":"Automaton","floor":33,"turns":8}],"seed_played":"1813749303970458189","potions_obtained":[{"floor":1.0,"key":"Energy Potion"},{"floor":8.0,"key":"BlessingOfTheForge"},{"floor":14.0,"key":"EssenceOfSteel"},{"floor":16.0,"key":"PowerPotion"},{"floor":22.0,"key":"Energy Potion"},{"floor":30.0,"key":"EssenceOfSteel"}],"is_trial":false,"path_per_floor":["M","M","M","M","M","R","M","E","T","$","R","M","?","M","R","B",null,"M","?","M","M","M","R","?","?","T","?","R","$","E","M","R","B"],"character_chosen":"IRONCLAD","items_purchased":["Searing Blow","Impervious","Blood Vial"],"campfire_rested":2,"item_purchase_floors":[10,29,29],"current_hp_per_floor":[80,77,77,70,67,67,60,48,48,48,48,48,31,29,54,31,84,86,69,62,56,42,42,42,36,36,36,64,64,41,44,44,0],"gold":43,"neow_bonus":"REMOVE_TWO","is_prod":false,"is_daily":false,"chose_seed":false,"campfire_upgraded":4,"win_rate":0,"timestamp":1587876408,"path_taken":["M","M","?","?","M","R","M","E","T","$","R","M","?","M","R","BOSS","M","?","M","M","M","R","?","?","T","?","R","$","E","M","R","BOSS"],"build_version":"2020-01-27","purchased_purges":1,"victory":false,"max_hp_per_floor":[80,80,80,80,80,80,80,82,82,82,82,84,84,84,84,84,84,86,91,93,93,95,95,95,95,95,95,95,95,95,95,95,95],"card_choices":[{"not_picked":["Thunderclap","Armaments"],"picked":"Inflame","floor":1.0},{"not_picked":["Reckless Charge","Iron Wave","Sentinel"],"picked":"SKIP","floor":2.0},{"not_picked":["Perfected Strike","Flex"],"picked":"Shrug It Off","floor":3.0},{"not_picked":["Havoc","Sentinel","Flex"],"picked":"SKIP","floor":4.0},{"not_picked":["Perfected Strike","Brutality","Clothesline"],"picked":"SKIP","floor":5.0},{"not_picked":["Reckless Charge","Evolve"],"picked":"Blood for Blood","floor":7.0},{"not_picked":["Warcry","Heavy Blade","Battle Trance"],"picked":"Singing Bowl","floor":8.0},{"not_picked":["Clash","Iron Wave","Cleave"],"picked":"Singing Bowl","floor":12.0},{"not_picked":["Sword Boomerang","Anger"],"picked":"Flame Barrier","floor":14.0},{"not_picked":["Limit Break","Brutality"],"picked":"Corruption","floor":16.0},{"not_picked":["Headbutt","Twin Strike","Sword Boomerang"],"picked":"Singing Bowl","floor":18.0},{"not_picked":["Armaments","Clash","Headbutt+1"],"picked":"Singing Bowl","floor":20.0},{"not_picked":["Cleave","Spot Weakness"],"picked":"Seeing Red","floor":21.0},{"not_picked":["Headbutt","Heavy Blade","Flex"],"picked":"Singing Bowl","floor":22.0},{"not_picked":["Clash","Hemokinesis"],"picked":"Intimidate","floor":30.0},{"not_picked":["Feel No Pain","Spot Weakness"],"picked":"Shockwave+1","floor":31.0}],"player_experience":543382,"relics_obtained":[{"floor":8.0,"key":"Singing Bowl"},{"floor":9.0,"key":"Bag of Preparation"},{"floor":26.0,"key":"InkBottle"},{"floor":30.0,"key":"Unceasing Top"}],"event_choices":[{"damage_healed":0.0,"max_hp_gain":0.0,"max_hp_loss":0.0,"gold_gain":0.0,"event_name":"Shining Light","player_choice":"Entered Light","floor":13.0,"gold_loss":0.0,"damage_taken":17.0,"cards_upgraded":["Strike_R","Strike_R"]},{"damage_healed":0.0,"max_hp_gain":5.0,"max_hp_loss":0.0,"gold_gain":0.0,"event_name":"Forgotten Altar","player_choice":"Shed Blood","floor":19.0,"gold_loss":0.0,"damage_taken":22.0},{"damage_healed":0.0,"max_hp_gain":0.0,"max_hp_loss":0.0,"gold_gain":0.0,"event_name":"Back to Basics","player_choice":"Simplicity","floor":24.0,"gold_loss":0.0,"damage_taken":0.0,"cards_upgraded":["Strike_R","Defend_R","Defend_R","Defend_R"]},{"damage_healed":0.0,"max_hp_gain":0.0,"max_hp_loss":0.0,"gold_gain":0.0,"event_name":"Nest","player_choice":"Joined the Cult","floor":25.0,"gold_loss":0.0,"damage_taken":6.0,"cards_obtained":["RitualDagger"]},{"damage_healed":0.0,"max_hp_gain":0.0,"max_hp_loss":0.0,"gold_gain":0.0,"event_name":"Drug Dealer","player_choice":"Inject Mutagens","floor":27.0,"gold_loss":0.0,"damage_taken":0.0,"relics_obtained":["MutagenicStrength"]}],"is_beta":false,"boss_relics":[{"not_picked":["Philosopher\u0027s Stone","Ectoplasm"],"picked":"SacredBark"}],"items_purged_floors":[10],"is_endless":false,"potions_floor_spawned":[1,8,14,16,22,30],"killed_by":"Automaton","ascension_level":0}