{"gold_per_floor":[12,26,26,26,40,76,76,76,76,120,120,141,141,161,161,292,292,313,313,313,296,320,320,363,378,378,378,378,378,7,187,187,187],"floor_reached":33,"playtime":2220,"items_purged":["Strike_R"],"score":273,"play_id":"9b7737e9-eb80-4c5e-82a8-f50a656f3aa9","local_time":"20200415212333","is_ascension_mode":false,"campfire_choices":[{"floor":7.0,"key":"REST"},{"data":"Bash","floor":11.0,"key":"SMITH"},{"data":"Infernal Blade","floor":13.0,"key":"SMITH"},{"data":"Corruption","floor":15.0,"key":"SMITH"},{"data":"Barricade","floor":23.0,"key":"SMITH"},{"floor":27.0,"key":"REST"},{"floor":29.0,"key":"REST"},{"floor":32.0,"key":"REST"}],"neow_cost":"NO_GOLD","seed_source_timestamp":3579880158121436,"circlet_count":0,"master_deck":["Strike_R","Strike_R+1","Strike_R","Defend_R+1","Defend_R","Defend_R","Defend_R","Bash+1","Corruption+1","Anger","Feed","RitualDagger","Barricade+1","Entrench","Rampage","Good Instincts"],"special_seed":0,"relics":["Burning Blood","Incense Burner","Golden Idol","Shuriken","Mercury Hourglass","Lantern","SacredBark","Vajra","Bag of Preparation","Membership Card","Paper Frog"],"potions_floor_usage":[33,33],"damage_taken":[{"damage":6.0,"enemies":"Jaw Worm","floor":1.0,"turns":3.0},{"damage":8.0,"enemies":"2 Louse","floor":2.0,"turns":3.0},{"damage":0.0,"enemies":"Cultist","floor":5.0,"turns":2.0},{"damage":25.0,"enemies":"Lagavulin","floor":6.0,"turns":7.0},{"damage":30.0,"enemies":"3 Sentries","floor":10.0,"turns":11.0},{"damage":3.0,"enemies":"Gremlin Gang","floor":12.0,"turns":5.0},{"damage":0.0,"enemies":"Exordium Wildlife","floor":14.0,"turns":3.0},{"damage":26.0,"enemies":"Slime Boss","floor":16.0,"turns":8.0},{"damage":19.0,"enemies":"Spheric Guardian","floor":18.0,"turns":4.0},{"damage":7.0,"enemies":"2 Thieves","floor":21.0,"turns":4.0},{"damage":16.0,"enemies":"Centurion and Healer","floor":22.0,"turns":8.0},{"damage":29.0,"enemies":"Gremlin Leader","floor":24.0,"turns":9.0},{"damage":24.0,"enemies":"Snake Plant","floor":25.0,"turns":5.0},{"damage":60,"enemies":"Collector","floor":33,"turns":5}],"seed_played":"5348669381259819248","potions_obtained":[{"floor":5.0,"key":"Explosive Potion"},{"floor":6.0,"key":"Ancient Potion"},{"floor":14.0,"key":"Regen Potion"},{"floor":16.0,"key":"AttackPotion"},{"floor":22.0,"key":"SpeedPotion"},{"floor":24.0,"key":"GamblersBrew"}],"is_trial":false,"path_per_floor":["M","M","?","?","M","E","R","?","T","E","R","M","R","M","R","B",null,"M","?","?","M","M","R","E","M","T","R","?","R","$","?","R","B"],"character_chosen":"IRONCLAD","items_purchased":["Membership Card","Rampage","SteroidPotion","AttackPotion","Paper Frog"],"campfire_rested":4,"item_purchase_floors":[30,30,30,30,30],"current_hp_per_floor":[80,78,58,42,48,29,53,53,53,29,29,32,32,38,38,33,80,67,61,61,60,50,50,27,9,9,33,33,57,57,32,56,0],"gold":187,"neow_bonus":"ONE_RARE_RELIC","is_prod":false,"is_daily":false,"chose_seed":false,"campfire_upgraded":4,"win_rate":0,"timestamp":1587014613,"path_taken":["M","M","?","?","M","E","R","?","T","E","R","?","R","?","R","BOSS","M","?","?","M","?","R","E","M","T","R","?","R","$","?","R","BOSS"],"build_version":"2020-01-27","purchased_purges":1,"victory":false,"max_hp_per_floor":[80,80,80,80,80,80,80,80,80,80,80,80,80,80,80,80,80,80,80,80,80,80,80,80,80,80,80,80,80,80,80,80,80],"card_choices":[{"not_picked":["Perfected Strike","Havoc","Cleave"],"picked":"SKIP","floor":1.0},{"not_picked":["Dropkick","Spot Weakness","Clash"],"picked":"SKIP","floor":2.0},{"not_picked":["Inflame","Hemokinesis","Thunderclap"],"picked":"SKIP","floor":5.0},{"not_picked":["Second Wind","Whirlwind"],"picked":"Infernal Blade","floor":6.0},{"not_picked":["Pummel","Shrug It Off"],"picked":"Corruption","floor":10.0},{"not_picked":["Pommel Strike","Headbutt","Sentinel"],"picked":"SKIP","floor":12.0},{"not_picked":["Thunderclap","Searing Blow"],"picked":"Anger","floor":14.0},{"not_picked":["Exhume","Corruption"],"picked":"Feed","floor":16.0},{"not_picked":["Carnage","True Grit","Cleave"],"picked":"SKIP","floor":18.0},{"not_picked":["Whirlwind","Pommel Strike"],"picked":"Entrench","floor":21.0},{"not_picked":["Pommel Strike","Anger","Cleave"],"picked":"SKIP","floor":22.0},{"not_picked":["Inflame","Corruption","Twin Strike+1"],"picked":"SKIP","floor":24.0},{"not_picked":["Headbutt","Flex","Havoc"],"picked":"SKIP","floor":25.0}],"player_experience":483924,"relics_obtained":[{"floor":6.0,"key":"Shuriken"},{"floor":9.0,"key":"Mercury Hourglass"},{"floor":10.0,"key":"Lantern"},{"floor":24.0,"key":"Vajra"},{"floor":26.0,"key":"Bag of Preparation"}],"event_choices":[{"damage_healed":0.0,"max_hp_gain":0.0,"max_hp_loss":0.0,"gold_gain":0.0,"event_name":"Golden Idol","player_choice":"Take Damage","floor":3.0,"gold_loss":0.0,"damage_taken":20.0,"relics_obtained":["Golden Idol"]},{"damage_healed":0.0,"max_hp_gain":0.0,"max_hp_loss":0.0,"gold_gain":0.0,"event_name":"Shining Light","player_choice":"Entered Light","floor":4.0,"gold_loss":0.0,"damage_taken":16.0,"cards_upgraded":["Strike_R","Defend_R"]},{"cards_removed":["Strike_R"],"damage_healed":0.0,"max_hp_gain":0.0,"max_hp_loss":0.0,"gold_gain":0.0,"event_name":"Purifier","player_choice":"Purged","floor":8.0,"gold_loss":0.0,"damage_taken":0.0},{"damage_healed":0.0,"max_hp_gain":0.0,"max_hp_loss":0.0,"gold_gain":0.0,"event_name":"Nest","player_choice":"Joined the Cult","floor":19.0,"gold_loss":0.0,"damage_taken":6.0,"cards_obtained":["RitualDagger"]},{"damage_healed":0.0,"max_hp_gain":0.0,"max_hp_loss":0.0,"gold_gain":0.0,"cards_transformed":["Infernal Blade"],"event_name":"Transmorgrifier","player_choice":"Transformed","floor":20.0,"gold_loss":0.0,"damage_taken":0.0,"cards_obtained":["Barricade"]},{"damage_healed":0.0,"max_hp_gain":0.0,"max_hp_loss":0.0,"gold_gain":0.0,"event_name":"Ghosts","player_choice":"Ignored","floor":28.0,"gold_loss":0.0,"damage_taken":0.0},{"damage_healed":0.0,"max_hp_gain":0.0,"max_hp_loss":0.0,"gold_gain":180.0,"event_name":"Knowing Skull","player_choice":"GOLD CARD GOLD ","floor":31.0,"potions_obtained":[],"gold_loss":0.0,"damage_taken":25.0,"cards_obtained":["Good Instincts"]}],"is_beta":false,"boss_relics":[{"not_picked":["Runic Dome","Sozu"],"picked":"SacredBark"}],"items_purged_floors":[30],"is_endless":false,"potions_floor_spawned":[5,6,14,16,22,24],"killed_by":"Collector","ascension_level":0}