{"gold_per_floor":[110,35,55,67,85,114,130,130,130,144,144,174,349,29,29,124,124,97,113,125,125],"floor_reached":21,"playtime":1621,"items_purged":["Pain","Doubt"],"score":183,"play_id":"0d6c94ea-2c38-4307-a64b-753d0f4b4bbc","local_time":"20200428120913","is_ascension_mode":false,"campfire_choices":[{"data":"Bash","floor":8.0,"key":"SMITH"},{"data":"True Grit","floor":11.0,"key":"SMITH"},{"floor":15.0,"key":"REST"}],"neow_cost":"CURSE","seed_source_timestamp":4670334178231385,"circlet_count":0,"master_deck":["Strike_R","Strike_R","Strike_R","Strike_R","Strike_R","Defend_R","Defend_R","Defend_R","Defend_R","Bash+1","Flame Barrier","True Grit+1","Flame Barrier","Berserk","CurseOfTheBell","Entrench+1","Sever Soul"],"special_seed":0,"relics":["Burning Blood","Turnip","Red Skull","Lantern","Medical Kit","Calling Bell","Bag of Marbles","Toxic Egg 2","Bird Faced Urn"],"potions_floor_usage":[21],"damage_taken":[{"damage":9.0,"enemies":"Small Slimes","floor":1.0,"turns":3.0},{"damage":6.0,"enemies":"Jaw Worm","floor":3.0,"turns":3.0},{"damage":0.0,"enemies":"2 Louse","floor":4.0,"turns":3.0},{"damage":11.0,"enemies":"Blue Slaver","floor":5.0,"turns":6.0},{"damage":34.0,"enemies":"Gremlin Nob","floor":6.0,"turns":5.0},{"damage":23.0,"enemies":"Exordium Wildlife","floor":7.0,"turns":5.0},{"damage":9.0,"enemies":"Lots of Slimes","floor":10.0,"turns":5.0},{"damage":49.0,"enemies":"Hexaghost","floor":16.0,"turns":14.0},{"damage":18.0,"enemies":"2 Thieves","floor":18.0,"turns":5.0},{"damage":28.0,"enemies":"Chosen","floor":19.0,"turns":8.0},{"damage":39.0,"enemies":"Centurion and Healer","floor":20.0,"turns":10.0},{"damage":24,"enemies":"Shelled Parasite and Fungi","floor":21,"turns":3}],"seed_played":"1854770865390232493","potions_obtained":[{"floor":6.0,"key":"EntropicBrew"},{"floor":7.0,"key":"Strength Potion"},{"floor":10.0,"key":"FearPotion"},{"floor":16.0,"key":"Fire Potion"},{"floor":19.0,"key":"Fruit Juice"},{"floor":20.0,"key":"BlessingOfTheForge"}],"is_trial":false,"path_per_floor":["M","$","M","M","M","E","M","R","T","M","R","?","?","$","R","B",null,"M","M","M","M"],"character_chosen":"IRONCLAD","items_purchased":["EssenceOfSteel","Medical Kit"],"campfire_rested":1,"item_purchase_floors":[14,14],"current_hp_per_floor":[77,77,77,80,75,47,30,30,30,27,27,27,27,27,51,8,80,68,53,22,0],"gold":125,"neow_bonus":"ONE_RARE_RELIC","is_prod":false,"is_daily":false,"chose_seed":false,"campfire_upgraded":2,"win_rate":0,"timestamp":1588104553,"path_taken":["M","$","M","M","M","E","M","R","T","M","R","?","?","$","R","BOSS","M","M","M","M"],"build_version":"2020-01-27","purchased_purges":2,"victory":false,"max_hp_per_floor":[80,80,80,80,80,80,80,80,80,80,80,80,80,80,80,80,80,80,85,85,85],"card_choices":[{"not_picked":["True Grit","Metallicize","Power Through"],"picked":"SKIP","floor":1.0},{"not_picked":["Cleave","Heavy Blade","Headbutt"],"picked":"SKIP","floor":3.0},{"not_picked":["Combust","Headbutt"],"picked":"Flame Barrier","floor":4.0},{"not_picked":["Battle Trance","Headbutt","Anger"],"picked":"SKIP","floor":5.0},{"not_picked":["Bloodletting","Cleave"],"picked":"True Grit","floor":6.0},{"not_picked":["Infernal Blade","Flex","Warcry"],"picked":"SKIP","floor":7.0},{"not_picked":["Sword Boomerang","Spot Weakness"],"picked":"Flame Barrier","floor":10.0},{"not_picked":["Feed","Reaper"],"picked":"Berserk","floor":16.0},{"not_picked":["Clash+1","Perfected Strike","Cleave"],"picked":"SKIP","floor":18.0},{"not_picked":["Shrug It Off+1","Rage+1"],"picked":"Entrench+1","floor":19.0},{"not_picked":["Feel No Pain","Dark Embrace"],"picked":"Sever Soul","floor":20.0}],"player_experience":574291,"relics_obtained":[{"floor":6.0,"key":"Red Skull"},{"floor":17.0,"key":"Bag of Marbles"},{"floor":17.0,"key":"Toxic Egg 2"},{"floor":17.0,"key":"Bird Faced Urn"}],"event_choices":[{"damage_healed":0.0,"max_hp_gain":0.0,"max_hp_loss":0.0,"gold_gain":30.0,"event_name":"Dead Adventurer","player_choice":"Searched \u00273\u0027 times","floor":12.0,"gold_loss":0.0,"damage_taken":0.0,"relics_obtained":["Lantern"]},{"damage_healed":0.0,"max_hp_gain":0.0,"max_hp_loss":0.0,"gold_gain":175.0,"event_name":"Liars Game","player_choice":"AGREE","floor":13.0,"gold_loss":0.0,"damage_taken":0.0,"cards_obtained":["Doubt"]}],"is_beta":false,"boss_relics":[{"not_picked":["Busted Crown","Philosopher\u0027s Stone"],"picked":"Calling Bell"}],"items_purged_floors":[2,14],"is_endless":false,"potions_floor_spawned":[6,7,10,16,19,20],"killed_by":"Shelled Parasite and Fungi","ascension_level":0}