{"gold_per_floor":[119,137,137,62,12,12,80,80,80,80,105,122,137,37,37,137,137,155,171,171,77,96,127,138,91,116,144,162,182,182,192,192,293,293,312,245,264,314,333,333,367,367,420,433,446,446,471,489,489,489,489,489,19,44,44],"floor_reached":56,"playtime":5321,"items_purged":["Strike_R","Defend_R"],"score":1174,"play_id":"da0e731e-5a07-4b40-9916-cb1798f5ce43","local_time":"20200428134629","is_ascension_mode":false,"campfire_choices":[{"data":"Uppercut","floor":6.0,"key":"SMITH"},{"data":"Sever Soul","floor":8.0,"key":"SMITH"},{"data":"Metallicize","floor":15.0,"key":"SMITH"},{"data":"Enlightenment","floor":30.0,"key":"SMITH"},{"data":"Barricade","floor":32.0,"key":"SMITH"},{"data":"Bludgeon","floor":40.0,"key":"SMITH"},{"floor":42.0,"key":"RECALL"},{"data":"Flame Barrier","floor":49.0,"key":"SMITH"},{"data":"Entrench","floor":52.0,"key":"SMITH"}],"neow_cost":"PERCENT_DAMAGE","seed_source_timestamp":4672853959964718,"circlet_count":0,"master_deck":["Strike_R+1","Defend_R","Defend_R+1","Bash+1","Headbutt","Sever Soul+1","Uppercut+1","Dark Embrace","Shrug It Off","Metallicize+1","Barricade+1","Feel No Pain+1","Enlightenment+1","Burning Pact+1","Shrug It Off","Shrug It Off+1","Bludgeon+1","Entrench+1","Uppercut+1","Flame Barrier+1"],"special_seed":0,"relics":["Burning Blood","Dream Catcher","Busted Crown","Smiling Mask","Boot","Meat on the Bone","SlaversCollar","Charon\u0027s Ashes","Gambling Chip","Bag of Preparation","Pear","Paper Frog","Medical Kit","Art of War"],"potions_floor_usage":[55,55],"damage_taken":[{"damage":7.0,"enemies":"2 Louse","floor":1.0,"turns":2.0},{"damage":4.0,"enemies":"Jaw Worm","floor":2.0,"turns":4.0},{"damage":4.0,"enemies":"Gremlin Nob","floor":11.0,"turns":3.0},{"damage":0.0,"enemies":"Small Slimes","floor":12.0,"turns":3.0},{"damage":12.0,"enemies":"3 Louse","floor":13.0,"turns":3.0},{"damage":40.0,"enemies":"Slime Boss","floor":16.0,"turns":12.0},{"damage":8.0,"enemies":"2 Thieves","floor":18.0,"turns":4.0},{"damage":9.0,"enemies":"Shell Parasite","floor":19.0,"turns":7.0},{"damage":10.0,"enemies":"Chosen and Byrds","floor":22.0,"turns":7.0},{"damage":45.0,"enemies":"Gremlin Leader","floor":23.0,"turns":5.0},{"damage":8.0,"enemies":"Centurion and Healer","floor":24.0,"turns":7.0},{"damage":10.0,"enemies":"Book of Stabbing","floor":27.0,"turns":7.0},{"damage":5.0,"enemies":"Snake Plant","floor":28.0,"turns":6.0},{"damage":2.0,"enemies":"Cultist and Chosen","floor":29.0,"turns":6.0},{"damage":4.0,"enemies":"3 Cultists","floor":31.0,"turns":4.0},{"damage":8.0,"enemies":"Collector","floor":33.0,"turns":12.0},{"damage":12.0,"enemies":"Orb Walker","floor":35.0,"turns":5.0},{"damage":25.0,"enemies":"3 Darklings","floor":37.0,"turns":8.0},{"damage":12.0,"enemies":"Mind Bloom Boss Battle","floor":38.0,"turns":8.0},{"damage":1.0,"enemies":"4 Shapes","floor":39.0,"turns":7.0},{"damage":31.0,"enemies":"Reptomancer","floor":41.0,"turns":9.0},{"damage":0.0,"enemies":"Transient","floor":44.0,"turns":5.0},{"damage":8.0,"enemies":"Jaw Worm Horde","floor":45.0,"turns":6.0},{"damage":3.0,"enemies":"Nemesis","floor":47.0,"turns":5.0},{"damage":7.0,"enemies":"Writhing Mass","floor":48.0,"turns":7.0},{"damage":29.0,"enemies":"Awakened One","floor":50.0,"turns":14.0},{"damage":7.0,"enemies":"Shield and Spear","floor":54.0,"turns":6.0},{"damage":78,"enemies":"The Heart","floor":55,"turns":10}],"seed_played":"-835841646097145178","potions_obtained":[{"floor":2.0,"key":"PowerPotion"},{"floor":11.0,"key":"Weak Potion"},{"floor":16.0,"key":"Strength Potion"},{"floor":19.0,"key":"Ancient Potion"},{"floor":22.0,"key":"Weak Potion"},{"floor":27.0,"key":"CultistPotion"},{"floor":29.0,"key":"EntropicBrew"},{"floor":31.0,"key":"Energy Potion"},{"floor":38.0,"key":"SteroidPotion"},{"floor":45.0,"key":"Block Potion"},{"floor":47.0,"key":"Strength Potion"}],"is_trial":false,"path_per_floor":["M","M","?","$","?","R","?","R","T","?","E","M","M","$","R","B",null,"M","M","?","$","M","E","M","$","T","E","M","M","R","M","R","B",null,"M","$","M","?","M","R","E","R","T","M","M","?","E","M","R","B",null,"R","$","E","B",null],"character_chosen":"IRONCLAD","items_purchased":["Enlightenment","Shrug It Off","Entrench","Paper Frog","Medical Kit","SkillPotion"],"campfire_rested":0,"item_purchase_floors":[21,25,36,53,53,53],"current_hp_per_floor":[55,57,57,57,57,57,57,57,57,41,43,49,43,43,43,9,80,78,75,75,75,71,32,30,30,30,26,39,55,55,57,57,55,80,74,74,55,49,54,54,41,41,41,47,57,57,70,69,69,58,90,90,90,89,29],"gold":44,"neow_bonus":"TRANSFORM_TWO_CARDS","is_prod":false,"is_daily":false,"chose_seed":false,"campfire_upgraded":8,"win_rate":0,"timestamp":1588110389,"path_taken":["M","M","?","$","?","R","?","R","T","?","E","M","M","$","R","BOSS","M","M","?","$","?","E","M","?","T","E","?","M","R","M","R","BOSS","M","$","M","?","M","R","E","R","T","M","M","?","E","M","R","BOSS","R","$","E","BOSS"],"build_version":"2020-01-27","purchased_purges":2,"victory":true,"max_hp_per_floor":[80,80,80,80,80,80,80,80,80,80,80,80,80,80,80,80,80,80,80,80,80,80,80,80,80,80,80,80,80,80,80,80,80,80,80,80,80,80,80,80,80,80,80,80,80,80,90,90,90,90,90,90,90,90,90],"card_choices":[{"not_picked":["Headbutt","Cleave","Sever Soul"],"picked":"SKIP","floor":1.0},{"not_picked":["Body Slam","Sword Boomerang"],"picked":"Uppercut","floor":2.0},{"not_picked":["Bloodletting","Havoc"],"picked":"Dark Embrace","floor":11.0},{"not_picked":["Bloodletting","Infernal Blade"],"picked":"Shrug It Off","floor":12.0},{"not_picked":["Havoc","Dual Wield"],"picked":"Metallicize","floor":13.0},{"not_picked":["Berserk","Juggernaut"],"picked":"Barricade","floor":16.0},{"not_picked":[],"picked":"Feel No Pain+1","floor":18.0},{"not_picked":["Iron Wave"],"picked":"SKIP","floor":19.0},{"not_picked":["Twin Strike"],"picked":"SKIP","floor":22.0},{"not_picked":["Hemokinesis+1"],"picked":"SKIP","floor":23.0},{"not_picked":[],"picked":"Burning Pact+1","floor":24.0},{"not_picked":["Battle Trance+1"],"picked":"SKIP","floor":27.0},{"not_picked":["Clothesline+1"],"picked":"SKIP","floor":28.0},{"not_picked":["Anger"],"picked":"SKIP","floor":29.0},{"not_picked":["Anger"],"picked":"SKIP","floor":29.0},{"not_picked":[],"picked":"Shrug It Off+1","floor":31.0},{"not_picked":[],"picked":"Bludgeon","floor":33.0},{"not_picked":["Hemokinesis"],"picked":"SKIP","floor":35.0},{"not_picked":["Wild Strike"],"picked":"SKIP","floor":37.0},{"not_picked":["Hemokinesis"],"picked":"SKIP","floor":39.0},{"not_picked":["Feed"],"picked":"SKIP","floor":41.0},{"not_picked":["Shrug It Off"],"picked":"SKIP","floor":44.0},{"not_picked":["Dropkick+1"],"picked":"SKIP","floor":45.0},{"not_picked":[],"picked":"Uppercut+1","floor":47.0},{"not_picked":[],"picked":"Flame Barrier","floor":48.0},{"not_picked":["Dark Embrace"],"picked":"SKIP","floor":54.0}],"player_experience":575912,"relics_obtained":[{"floor":11.0,"key":"Dream Catcher"},{"floor":23.0,"key":"Smiling Mask"},{"floor":26.0,"key":"Boot"},{"floor":27.0,"key":"Meat on the Bone"},{"floor":38.0,"key":"Charon\u0027s Ashes"},{"floor":41.0,"key":"Gambling Chip"},{"floor":43.0,"key":"Bag of Preparation"},{"floor":47.0,"key":"Pear"},{"floor":54.0,"key":"Art of War"}],"event_choices":[{"damage_healed":0.0,"max_hp_gain":0.0,"max_hp_loss":0.0,"gold_gain":0.0,"event_name":"Living Wall","player_choice":"Grow","floor":3.0,"gold_loss":0.0,"damage_taken":0.0,"cards_upgraded":["Bash"]},{"cards_removed":["Strike_R"],"damage_healed":0.0,"max_hp_gain":0.0,"max_hp_loss":0.0,"gold_gain":0.0,"event_name":"The Cleric","player_choice":"Card Removal","floor":5.0,"gold_loss":50.0,"damage_taken":0.0},{"damage_healed":0.0,"max_hp_gain":0.0,"max_hp_loss":0.0,"gold_gain":68.0,"event_name":"Golden Wing","player_choice":"Gained Gold","floor":7.0,"gold_loss":0.0,"damage_taken":0.0},{"damage_healed":0.0,"max_hp_gain":0.0,"max_hp_loss":0.0,"gold_gain":0.0,"event_name":"Shining Light","player_choice":"Entered Light","floor":10.0,"gold_loss":0.0,"damage_taken":16.0,"cards_upgraded":["Strike_R","Defend_R"]},{"cards_removed":["Defend_R"],"damage_healed":0.0,"max_hp_gain":0.0,"max_hp_loss":0.0,"gold_gain":0.0,"event_name":"Purifier","player_choice":"Purged","floor":20.0,"gold_loss":0.0,"damage_taken":0.0},{"damage_healed":0.0,"max_hp_gain":0.0,"max_hp_loss":0.0,"gold_gain":0.0,"event_name":"MindBloom","player_choice":"Fight","floor":38.0,"gold_loss":0.0,"damage_taken":0.0},{"damage_healed":0.0,"max_hp_gain":0.0,"max_hp_loss":0.0,"gold_gain":0.0,"event_name":"Tomb of Lord Red Mask","player_choice":"Ignored","floor":46.0,"gold_loss":0.0,"damage_taken":0.0}],"is_beta":false,"boss_relics":[{"not_picked":["Runic Cube","Philosopher\u0027s Stone"],"picked":"Busted Crown"},{"not_picked":["Sozu","Coffee Dripper"],"picked":"SlaversCollar"}],"items_purged_floors":[4,14],"is_endless":false,"potions_floor_spawned":[2,11,16,19,22,27,29,31,38,45,47,48],"ascension_level":0}