{"gold_per_floor":[117,135,135,135,85,85,103,130,130,145,145,175,62,76,76,172,172,188,188,188,91,103,103,116,116,116,148,58,75,75,12,12,110,160,175,175,186,0,0,0,28,28,28,28,74,25,25,43,43,43,43,43,43,78,78],"floor_reached":55,"playtime":4540,"items_purged":["Strike_R"],"score":719,"play_id":"c00b7710-074e-4309-ab60-34f111abff2c","local_time":"20200518142345","is_ascension_mode":false,"campfire_choices":[{"floor":6.0,"key":"RECALL"},{"data":"Uppercut","floor":15.0,"key":"SMITH"},{"data":"Corruption","floor":23.0,"key":"SMITH"},{"data":"Metallicize","floor":25.0,"key":"SMITH"},{"data":"Immolate","floor":30.0,"key":"SMITH"},{"data":"Shockwave","floor":32.0,"key":"SMITH"},{"data":"Rampage","floor":40.0,"key":"SMITH"},{"data":"Feed","floor":42.0,"key":"SMITH"},{"data":"Rage","floor":44.0,"key":"SMITH"},{"data":"Feel No Pain","floor":47.0,"key":"SMITH"},{"floor":49.0,"key":"REST"},{"data":"Bandage Up","floor":52.0,"key":"SMITH"}],"neow_cost":"NONE","seed_source_timestamp":226750058479100,"circlet_count":0,"master_deck":["Strike_R+1","Strike_R+1","Defend_R+1","Defend_R","Bash+1","Rampage+1","Metallicize+1","Rage+1","Shockwave+1","Uppercut+1","Immolate+1","Armaments+1","Feel No Pain+1","Shrug It Off+1","Corruption+1","Rampage+1","Disarm+1","Feed+1","Dark Embrace+1","Burning Pact+1","Bandage Up+1","Rage+1","Ghostly Armor"],"special_seed":0,"relics":["Burning Blood","Pear","Blood Vial","Red Skull","Whetstone","Runic Pyramid","Sundial","Prayer Wheel","Tiny House","Red Mask","Bottled Lightning","FossilizedHelix","Bird Faced Urn","Oddly Smooth Stone"],"potions_floor_usage":[],"damage_taken":[{"damage":3.0,"enemies":"2 Louse","floor":1.0,"turns":3.0},{"damage":8.0,"enemies":"Jaw Worm","floor":2.0,"turns":5.0},{"damage":0.0,"enemies":"Small Slimes","floor":7.0,"turns":3.0},{"damage":28.0,"enemies":"Gremlin Nob","floor":8.0,"turns":4.0},{"damage":3.0,"enemies":"3 Louse","floor":10.0,"turns":4.0},{"damage":9.0,"enemies":"3 Sentries","floor":12.0,"turns":8.0},{"damage":10.0,"enemies":"Lots of Slimes","floor":14.0,"turns":6.0},{"damage":45.0,"enemies":"Slime Boss","floor":16.0,"turns":11.0},{"damage":0.0,"enemies":"Chosen","floor":18.0,"turns":4.0},{"damage":0.0,"enemies":"3 Byrds","floor":22.0,"turns":5.0},{"damage":13.0,"enemies":"3 Cultists","floor":24.0,"turns":6.0},{"damage":11.0,"enemies":"Gremlin Leader","floor":27.0,"turns":6.0},{"damage":9.0,"enemies":"Snake Plant","floor":29.0,"turns":6.0},{"damage":13.0,"enemies":"Champ","floor":33.0,"turns":11.0},{"damage":2.0,"enemies":"3 Shapes","floor":35.0,"turns":4.0},{"damage":8.0,"enemies":"3 Darklings","floor":37.0,"turns":4.0},{"damage":14.0,"enemies":"Giant Head","floor":41.0,"turns":9.0},{"damage":47.0,"enemies":"2 Orb Walkers","floor":45.0,"turns":6.0},{"damage":45.0,"enemies":"Sphere and 2 Shapes","floor":48.0,"turns":8.0},{"damage":76.0,"enemies":"Donu and Deca","floor":50.0,"turns":9.0},{"damage":74.0,"enemies":"Shield and Spear","floor":54.0,"turns":12.0},{"damage":65,"enemies":"The Heart","floor":55,"turns":9}],"seed_played":"-7677929411222445669","potions_obtained":[{"floor":1.0,"key":"Regen Potion"},{"floor":7.0,"key":"Energy Potion"},{"floor":8.0,"key":"DuplicationPotion"},{"floor":14.0,"key":"Ancient Potion"},{"floor":22.0,"key":"Strength Potion"},{"floor":27.0,"key":"BlessingOfTheForge"},{"floor":29.0,"key":"LiquidBronze"},{"floor":33.0,"key":"GamblersBrew"},{"floor":34.0,"key":"SteroidPotion"},{"floor":48.0,"key":"LiquidBronze"}],"is_trial":false,"path_per_floor":["M","M","?","?","?","R","M","E","T","M","?","E","$","M","R","B",null,"M","?","?","$","M","R","M","R","T","E","?","M","R","?","R","B",null,"M","?","M","?","?","R","E","R","T","R","?","$","R","M","R","B",null,"R","$","E","B"],"character_chosen":"IRONCLAD","items_purchased":["Shockwave","Shrug It Off","Energy Potion","BloodPotion"],"campfire_rested":1,"item_purchase_floors":[13,21,21,46],"current_hp_per_floor":[80,78,81,63,63,63,69,59,59,64,64,63,63,61,61,24,90,90,90,90,90,90,90,83,83,83,80,80,79,79,79,79,74,95,95,95,93,93,93,93,91,91,91,91,60,79,79,60,90,34,103,103,103,49,0],"gold":78,"neow_bonus":"UPGRADE_CARD","is_prod":false,"is_daily":false,"chose_seed":false,"campfire_upgraded":10,"win_rate":0,"timestamp":1589783025,"path_taken":["M","M","?","?","?","R","M","E","T","M","?","E","$","?","R","BOSS","M","?","?","$","M","R","?","R","T","E","?","?","R","?","R","BOSS","M","?","?","?","?","R","E","R","T","R","?","?","R","M","R","BOSS","R","$","E","BOSS"],"build_version":"2020-01-27","purchased_purges":1,"victory":false,"max_hp_per_floor":[80,80,90,90,90,90,90,90,90,90,90,90,90,90,90,90,90,90,90,90,90,90,90,90,90,90,90,90,90,90,90,90,90,95,95,95,95,95,95,95,95,95,95,95,99,99,99,103,103,103,103,103,103,103,103],"card_choices":[{"not_picked":["Power Through","Headbutt"],"picked":"Dark Embrace","floor":1.0},{"not_picked":["Cleave","Dark Embrace","Pommel Strike"],"picked":"SKIP","floor":2.0},{"not_picked":["Body Slam","Clothesline"],"picked":"Rampage","floor":7.0},{"not_picked":["Sword Boomerang","Power Through","Armaments"],"picked":"SKIP","floor":8.0},{"not_picked":["Searing Blow","Anger"],"picked":"Metallicize","floor":10.0},{"not_picked":["Dropkick","Offering","Shrug It Off"],"picked":"SKIP","floor":12.0},{"not_picked":["Heavy Blade","Clothesline"],"picked":"Uppercut","floor":14.0},{"not_picked":["Bludgeon","Exhume"],"picked":"Immolate","floor":16.0},{"not_picked":["Flex","Wild Strike+1"],"picked":"Armaments+1","floor":18.0},{"not_picked":["Body Slam","Cleave"],"picked":"Corruption","floor":22.0},{"not_picked":["Thunderclap","Dropkick+1"],"picked":"Rampage","floor":24.0},{"not_picked":["Iron Wave+1","Pommel Strike+1","Intimidate"],"picked":"SKIP","floor":27.0},{"not_picked":["Clash","Seeing Red"],"picked":"Disarm+1","floor":29.0},{"not_picked":["Immolate","Offering"],"picked":"Feed","floor":33.0},{"not_picked":["Body Slam","Inflame"],"picked":"Dark Embrace","floor":34.0},{"not_picked":["Perfected Strike+1","Twin Strike","Clash+1"],"picked":"SKIP","floor":35.0},{"not_picked":["Wild Strike","Warcry+1","Uppercut"],"picked":"SKIP","floor":35.0},{"not_picked":["Iron Wave+1","Heavy Blade"],"picked":"Burning Pact+1","floor":37.0},{"not_picked":["Shockwave","Havoc+1","Cleave+1"],"picked":"SKIP","floor":37.0},{"not_picked":["Chrysalis","Thinking Ahead"],"picked":"Bandage Up","floor":39.0},{"not_picked":["Shockwave","Warcry"],"picked":"Rage","floor":41.0},{"not_picked":["Twin Strike+1","Anger+1","Havoc+1"],"picked":"SKIP","floor":48.0},{"not_picked":["Wild Strike+1","Headbutt","Fire Breathing+1"],"picked":"SKIP","floor":48.0},{"not_picked":["Searing Blow+1","Whirlwind+1"],"picked":"Ghostly Armor","floor":54.0}],"player_experience":672997,"relics_obtained":[{"floor":8.0,"key":"Blood Vial"},{"floor":9.0,"key":"Red Skull"},{"floor":12.0,"key":"Whetstone"},{"floor":27.0,"key":"Sundial"},{"floor":41.0,"key":"Bottled Lightning"},{"floor":43.0,"key":"FossilizedHelix"},{"floor":45.0,"key":"Bird Faced Urn"},{"floor":54.0,"key":"Oddly Smooth Stone"}],"event_choices":[{"damage_healed":0.0,"max_hp_gain":0.0,"max_hp_loss":0.0,"gold_gain":0.0,"event_name":"Scrap Ooze","player_choice":"Success","floor":3.0,"gold_loss":0.0,"damage_taken":7.0,"relics_obtained":["Pear"]},{"damage_healed":0.0,"max_hp_gain":0.0,"max_hp_loss":0.0,"gold_gain":0.0,"event_name":"Shining Light","player_choice":"Entered Light","floor":4.0,"gold_loss":0.0,"damage_taken":18.0,"cards_upgraded":["Strike_R","Defend_R"]},{"cards_removed":["Strike_R"],"damage_healed":0.0,"max_hp_gain":0.0,"max_hp_loss":0.0,"gold_gain":0.0,"event_name":"The Cleric","player_choice":"Card Removal","floor":5.0,"gold_loss":50.0,"damage_taken":0.0},{"damage_healed":0.0,"max_hp_gain":0.0,"max_hp_loss":0.0,"gold_gain":0.0,"cards_transformed":["Dark Embrace"],"event_name":"Living Wall","player_choice":"Change","floor":11.0,"gold_loss":0.0,"damage_taken":0.0,"cards_obtained":["Rage"]},{"damage_healed":0.0,"max_hp_gain":0.0,"max_hp_loss":0.0,"gold_gain":0.0,"cards_transformed":["Defend_R","Defend_R"],"event_name":"Drug Dealer","player_choice":"Became Test Subject","floor":19.0,"gold_loss":0.0,"damage_taken":0.0,"cards_obtained":["Second Wind","Feel No Pain"]},{"cards_removed":["Second Wind"],"damage_healed":0.0,"max_hp_gain":0.0,"max_hp_loss":0.0,"gold_gain":0.0,"event_name":"Purifier","player_choice":"Purged","floor":20.0,"gold_loss":0.0,"damage_taken":0.0},{"cards_removed":["Strike_R"],"damage_healed":0.0,"max_hp_gain":0.0,"max_hp_loss":0.0,"gold_gain":0.0,"event_name":"Designer","player_choice":"Upgrade and Remove","floor":28.0,"gold_loss":90.0,"damage_taken":0.0,"cards_upgraded":["Rage"]},{"damage_healed":0.0,"max_hp_gain":0.0,"max_hp_loss":0.0,"gold_gain":0.0,"event_name":"WeMeetAgain","player_choice":"Paid Gold","floor":31.0,"gold_loss":63.0,"damage_taken":0.0,"relics_obtained":["Prayer Wheel"]},{"damage_healed":0.0,"max_hp_gain":0.0,"max_hp_loss":0.0,"gold_gain":0.0,"event_name":"Upgrade Shrine","player_choice":"Upgraded","floor":36.0,"gold_loss":0.0,"damage_taken":0.0,"cards_upgraded":["Dark Embrace"]},{"damage_healed":0.0,"max_hp_gain":0.0,"max_hp_loss":0.0,"gold_gain":0.0,"event_name":"Tomb of Lord Red Mask","player_choice":"Paid","floor":38.0,"gold_loss":186.0,"damage_taken":0.0,"relics_obtained":["Red Mask"]},{"damage_healed":0.0,"max_hp_gain":0.0,"max_hp_loss":0.0,"gold_gain":0.0,"event_name":"SensoryStone","player_choice":"Memory 1","floor":39.0,"gold_loss":0.0,"damage_taken":0.0},{"damage_healed":0.0,"max_hp_gain":0.0,"max_hp_loss":0.0,"gold_gain":0.0,"event_name":"Mysterious Sphere","player_choice":"Fight","floor":45.0,"gold_loss":0.0,"damage_taken":0.0}],"is_beta":false,"boss_relics":[{"not_picked":["Runic Dome","Philosopher\u0027s Stone"],"picked":"Runic Pyramid"},{"not_picked":["Empty Cage","Coffee Dripper"],"picked":"Tiny House"}],"items_purged_floors":[13],"is_endless":false,"potions_floor_spawned":[1,7,8,14,22,27,29,33,37,48],"killed_by":"The Heart","ascension_level":0}