{"gold_per_floor":[110,110,35,46,46,81,97,131,131,131,131,148,148,179,179,279,279,260,98,116,116,128,128,153,153,153,153,173,88,40,70,70,166,166,184,194,94,94,110,137,149,149,200,200,110,110,140,190,190,190,190,190,29,54,54],"floor_reached":56,"playtime":5120,"items_purged":["Regret","Strike_R","Strike_R"],"score":1284,"play_id":"85b703e1-1cd0-4113-89a2-e5b0423f893f","local_time":"20211111203314","is_ascension_mode":false,"campfire_choices":[{"data":"Bash","floor":11.0,"key":"SMITH"},{"data":"Reaper","floor":15.0,"key":"SMITH"},{"data":"Rage","floor":23.0,"key":"SMITH"},{"data":"Demon Form","floor":25.0,"key":"SMITH"},{"data":"Rage","floor":27.0,"key":"SMITH"},{"data":"Rampage","floor":32.0,"key":"SMITH"},{"floor":42.0,"key":"RECALL"},{"data":"Offering","floor":44.0,"key":"SMITH"},{"data":"Pommel Strike","floor":46.0,"key":"SMITH"},{"data":"Limit Break","floor":49.0,"key":"SMITH"},{"data":"Fire Breathing","floor":52,"key":"SMITH"}],"neow_cost":"NONE","seed_source_timestamp":0,"circlet_count":0,"master_deck":["Strike_R","Strike_R+1","Defend_R","Defend_R","Defend_R","Bash+1","Rage+1","Sever Soul","Iron Wave+1","Shrug It Off","Pommel Strike+1","Reaper+1","Rampage+1","Double Tap+1","Fire Breathing+1","Dramatic Entrance+1","Rage+1","Dropkick","Demon Form+1","Cleave","Sentinel+1","Offering+1","Fire Breathing+1","Intimidate+1","Burning Pact+1","Limit Break+1","Rage"],"special_seed":0,"relics":["Burning Blood","NeowsBlessing","Potion Belt","Letter Opener","Whetstone","Lantern","Prayer Wheel","Dream Catcher","Runic Pyramid","Juzu Bracelet","HornCleat","Anchor","FossilizedHelix","Mark of Pain","Nunchaku","Gambling Chip","Charon\u0027s Ashes","Ice Cream"],"potions_floor_usage":[54,55,55,55],"damage_taken":[{"damage":0.0,"enemies":"2 Louse","floor":1.0,"turns":1.0},{"damage":0.0,"enemies":"Cultist","floor":4.0,"turns":1.0},{"damage":0.0,"enemies":"Gremlin Nob","floor":6.0,"turns":1.0},{"damage":1.0,"enemies":"Jaw Worm","floor":7.0,"turns":4.0},{"damage":22.0,"enemies":"Lagavulin","floor":8.0,"turns":7.0},{"damage":6.0,"enemies":"3 Louse","floor":12.0,"turns":3.0},{"damage":12.0,"enemies":"3 Sentries","floor":14.0,"turns":6.0},{"damage":36.0,"enemies":"Slime Boss","floor":16.0,"turns":14.0},{"damage":15.0,"enemies":"2 Thieves","floor":18.0,"turns":4.0},{"damage":8.0,"enemies":"Shell Parasite","floor":20.0,"turns":6.0},{"damage":40.0,"enemies":"Cultist and Chosen","floor":22.0,"turns":7.0},{"damage":38.0,"enemies":"Slavers","floor":24.0,"turns":5.0},{"damage":0.0,"enemies":"Snecko","floor":28.0,"turns":3.0},{"damage":25.0,"enemies":"Gremlin Leader","floor":31.0,"turns":6.0},{"damage":39.0,"enemies":"Champ","floor":33.0,"turns":8.0},{"damage":9.0,"enemies":"3 Shapes","floor":35.0,"turns":3.0},{"damage":0.0,"enemies":"Orb Walker","floor":36.0,"turns":4.0},{"damage":48.0,"enemies":"Spire Growth","floor":39.0,"turns":6.0},{"damage":6.0,"enemies":"Nemesis","floor":40.0,"turns":7.0},{"damage":25.0,"enemies":"Sphere and 2 Shapes","floor":41.0,"turns":5.0},{"damage":4.0,"enemies":"Reptomancer","floor":47.0,"turns":6.0},{"damage":6.0,"enemies":"Mind Bloom Boss Battle","floor":48.0,"turns":6.0},{"damage":56,"enemies":"Awakened One","floor":50,"turns":9},{"damage":0,"enemies":"Shield and Spear","floor":54,"turns":4},{"damage":86,"enemies":"The Heart","floor":55,"turns":8}],"seed_played":"-2326551895393012014","potions_obtained":[{"floor":1.0,"key":"Weak Potion"},{"floor":2.0,"key":"Fruit Juice"},{"floor":2.0,"key":"Swift Potion"},{"floor":2.0,"key":"Energy Potion"},{"floor":8.0,"key":"PowerPotion"},{"floor":14.0,"key":"LiquidBronze"},{"floor":16.0,"key":"ColorlessPotion"},{"floor":18.0,"key":"HeartOfIron"},{"floor":31.0,"key":"SkillPotion"},{"floor":33.0,"key":"Weak Potion"},{"floor":41.0,"key":"Dexterity Potion"},{"floor":48.0,"key":"HeartOfIron"}],"is_trial":false,"path_per_floor":["M","?","$","M","$","E","M","E","T","?","R","M","?","E","R","B",null,"M","$","M","?","M","R","E","R","T","R","M","?","$","E","R","B",null,"M","M","$","?","M","E","M","R","T","R","?","R","E","?","R","B",null,"R","$","E","B",null],"character_chosen":"IRONCLAD","items_purchased":["Sever Soul","Dramatic Entrance","BloodPotion","Rage"],"campfire_rested":0,"item_purchase_floors":[3,19,30,53],"current_hp_per_floor":[80,85,85,85,85,85,85,69,69,66,66,66,66,72,72,42,85,76,76,74,74,50,50,35,35,35,35,41,41,41,44,44,34,85,85,85,85,85,55,56,41,41,41,41,41,41,77,85,85,51,85,85,85,85,85],"gold":54,"neow_bonus":"THREE_ENEMY_KILL","is_prod":false,"is_daily":false,"chose_seed":false,"campfire_upgraded":10,"win_rate":0,"timestamp":1636633994,"path_taken":["M","?","$","M","?","E","M","E","T","?","R","M","?","E","R","BOSS","M","$","M","?","M","R","E","R","T","R","M","?","$","E","R","BOSS","M","M","$","?","M","E","M","R","T","R","?","R","E","?","R","BOSS","R","$","E","BOSS"],"build_version":"2020-12-22","purchased_purges":3,"victory":true,"max_hp_per_floor":[80,85,85,85,85,85,85,85,85,85,85,85,85,85,85,85,85,85,85,85,85,85,85,85,85,85,85,85,85,85,85,85,85,85,85,85,85,85,85,85,85,85,85,85,85,85,85,85,85,85,85,85,85,85,85],"card_choices":[{"not_picked":["Sentinel","Anger"],"picked":"Rage","floor":1.0},{"not_picked":["Warcry","Dual Wield"],"picked":"Iron Wave","floor":4.0},{"not_picked":["Warcry","Entrench"],"picked":"Shrug It Off","floor":6.0},{"not_picked":["Havoc","Clothesline","Armaments"],"picked":"SKIP","floor":7.0},{"not_picked":["Wild Strike","Armaments"],"picked":"Pommel Strike","floor":8.0},{"not_picked":["Perfected Strike","Pommel Strike"],"picked":"Reaper","floor":12.0},{"not_picked":["Power Through","Fiend Fire"],"picked":"Rampage","floor":14.0},{"not_picked":["Exhume","Juggernaut"],"picked":"Double Tap","floor":16.0},{"not_picked":["Sword Boomerang","Berserk"],"picked":"Fire Breathing","floor":18.0},{"not_picked":["Havoc","Clothesline","Clash"],"picked":"SKIP","floor":18.0},{"not_picked":["Perfected Strike+1","Pommel Strike"],"picked":"Rage","floor":20.0},{"not_picked":["Iron Wave","Seeing Red","Searing Blow"],"picked":"SKIP","floor":20.0},{"not_picked":["Pummel","Perfected Strike+1"],"picked":"Dropkick","floor":22.0},{"not_picked":["Anger+1","Headbutt+1","Perfected Strike"],"picked":"SKIP","floor":22.0},{"not_picked":["Power Through","Body Slam"],"picked":"Demon Form","floor":24.0},{"not_picked":["Reckless Charge+1","Havoc"],"picked":"Cleave","floor":28.0},{"not_picked":["Havoc","Dark Embrace","Sentinel"],"picked":"SKIP","floor":28.0},{"not_picked":["Second Wind+1","Reckless Charge"],"picked":"Sentinel+1","floor":31.0},{"not_picked":["Bludgeon","Feed"],"picked":"Offering","floor":33.0},{"not_picked":["True Grit+1","Seeing Red+1"],"picked":"Fire Breathing+1","floor":35.0},{"not_picked":["Flex","Anger","Body Slam+1"],"picked":"SKIP","floor":35.0},{"not_picked":["Pommel Strike","Cleave","Body Slam+1"],"picked":"SKIP","floor":36.0},{"not_picked":["Cleave+1","Armaments","Inflame+1"],"picked":"SKIP","floor":36.0},{"not_picked":["Clash","Twin Strike"],"picked":"Intimidate+1","floor":39.0},{"not_picked":["Disarm","Limit Break","True Grit+1"],"picked":"SKIP","floor":39.0},{"not_picked":["Second Wind","Shockwave"],"picked":"Burning Pact+1","floor":40.0},{"not_picked":["Pommel Strike","Rupture+1","Sword Boomerang"],"picked":"SKIP","floor":41.0},{"not_picked":["Warcry+1","Havoc","Rupture+1"],"picked":"SKIP","floor":41.0},{"not_picked":["Shrug It Off","Body Slam"],"picked":"Limit Break","floor":47.0},{"not_picked":["Havoc","Warcry","Berserk"],"picked":"SKIP","floor":54}],"player_experience":753479,"relics_obtained":[{"floor":6.0,"key":"Potion Belt"},{"floor":8.0,"key":"Letter Opener"},{"floor":9.0,"key":"Whetstone"},{"floor":14.0,"key":"Dream Catcher"},{"floor":24.0,"key":"Juzu Bracelet"},{"floor":26.0,"key":"HornCleat"},{"floor":31.0,"key":"FossilizedHelix"},{"floor":40.0,"key":"Nunchaku"},{"floor":47.0,"key":"Gambling Chip"},{"floor":48.0,"key":"Charon\u0027s Ashes"},{"floor":54,"key":"Ice Cream"}],"event_choices":[{"damage_healed":0.0,"max_hp_gain":0.0,"max_hp_loss":0.0,"gold_gain":0.0,"event_name":"Lab","player_choice":"Got Potions","floor":2.0,"gold_loss":0.0,"damage_taken":0.0},{"damage_healed":0.0,"max_hp_gain":0.0,"max_hp_loss":0.0,"gold_gain":0.0,"event_name":"Scrap Ooze","player_choice":"Success","floor":10.0,"gold_loss":0.0,"damage_taken":3.0,"relics_obtained":["Lantern"]},{"damage_healed":0.0,"max_hp_gain":0.0,"max_hp_loss":0.0,"gold_gain":0.0,"event_name":"Big Fish","player_choice":"Box","floor":13.0,"gold_loss":0.0,"damage_taken":0.0,"relics_obtained":["Prayer Wheel"],"cards_obtained":["Regret"]},{"damage_healed":0.0,"max_hp_gain":0.0,"max_hp_loss":0.0,"gold_gain":0.0,"event_name":"Upgrade Shrine","player_choice":"Upgraded","floor":21.0,"gold_loss":0.0,"damage_taken":0.0,"cards_upgraded":["Double Tap"]},{"damage_healed":0.0,"max_hp_gain":0.0,"max_hp_loss":0.0,"gold_gain":0.0,"event_name":"Addict","player_choice":"Obtained Relic","floor":29.0,"gold_loss":85.0,"damage_taken":0.0,"relics_obtained":["Anchor"]},{"cards_removed":["Defend_R"],"damage_healed":0.0,"max_hp_gain":0.0,"max_hp_loss":0.0,"gold_gain":0.0,"event_name":"Falling","player_choice":"Removed Skill","floor":38.0,"gold_loss":0.0,"damage_taken":0.0},{"cards_removed":["Strike_R"],"damage_healed":0.0,"max_hp_gain":0.0,"max_hp_loss":0.0,"gold_gain":0.0,"event_name":"Designer","player_choice":"Upgrade and Remove","floor":45.0,"gold_loss":90.0,"damage_taken":0.0,"cards_upgraded":["Dramatic Entrance"]},{"damage_healed":0.0,"max_hp_gain":0.0,"max_hp_loss":0.0,"gold_gain":0.0,"event_name":"MindBloom","player_choice":"Fight","floor":48.0,"gold_loss":0.0,"damage_taken":0.0}],"is_beta":false,"boss_relics":[{"not_picked":["Black Star","Snecko Eye"],"picked":"Runic Pyramid"},{"not_picked":["Sozu","Fusion Hammer"],"picked":"Mark of Pain"}],"items_purged_floors":[19,37,53],"is_endless":false,"potions_floor_spawned":[1,8,14,16,18,31,33,41,48],"ascension_level":0}